symbol,beta,52wk-change,52wk-change-sp500,52wk-high,52wk-low,50day-moving-avg,200day-moving-avg,avg-vol-3month,avg-vol-10day,shares-outstanding,float,insider-pct,institutional-pct,shares-short,short-ratio,short-pct-float,short-pct-shares-outstanding,shares-short,forward-annual-div,forward-div,trailing-div,trailing-annual-div,5yr-avg-div-yield,payout-ratio,div-date,xdiv-date,last-split-factor,last-split-date,fiscal-year-ends,most-recent-qtr,profit-margin,operating-margin,return-on-assets,return-on-equity,revenue,revenue-per-share,quarterly-revenue,gross-profit,ebitda,netincome-avail-to-common,diluted-eps,qtr-earnings-growth,total-cash,total-cash-per-share,total-debt,total-debit-to-equity,current-ratio,book-value,operating-cash-flow,levered-free-cash-flow
dhr,0.85,30.16%,5.66%,187.19,119.60,172.82,158.17,3.09M,2.09M,707.02M,618.39M,11.47%,82.13%,6.74M,2.24,1.07%,0.95%,6.77M,0.72,0.39%,0.69,0.37%,0.57,19.06%,"Jul 30, 2020","Jun 24, 2020",1319:1000,"Jul 04, 2016","Dec 30, 2019","Apr 02, 2020",18.13%,18.12%,3.38%,8.61%,18.03B,25.31,2.90%,9.98B,4.46B,2.61B,4.41,78.30%,4.37B,6.26,26.83B,86.37,1.32,42.26,4.07B,2.91B
ir,1.45,-12.89%,5.66%,38.96,17.01,29.62,30.10,3.86M,3.03M,416.59M,370.25M,0.36%,61.82%,14.21M,3.71,4.11%,3.41%,14.86M,N/A,N/A,2.12,7.61%,N/A,0.00%,"Mar 30, 2020",N/A,1252:1000,"Dec 01, 2013","Dec 30, 2019","Mar 30, 2020",2.86%,11.45%,1.89%,1.43%,2.63B,11.83,29.00%,911.7M,506.2M,75.2M,0.33,N/A,555.7M,1.33,3.64B,41.55,2.11,20.85,342.9M,-209.99M
tel,1.32,-15.77%,5.66%,101.00,48.62,82.34,80.76,2.03M,1.48M,329.85M,327.01M,0.20%,95.80%,4.17M,1.78,1.27%,1.26%,4.75M,1.92,2.43%,1.84,2.33%,2.02,88.89%,"Jun 04, 2020","May 20, 2020",N/A,N/A,"Sep 26, 2019","Mar 26, 2020",5.36%,16.39%,6.92%,7.36%,13.05B,38.96,-6.40%,4.39B,2.84B,705M,2.09,N/A,796M,2.41,4.82B,52.59,1.44,27.38,2.46B,1.37B
bk,1.08,-11.05%,5.66%,51.60,26.40,38.56,39.53,5.72M,4.87M,885.44M,883.91M,0.23%,86.89%,9.29M,1.63,1.05%,1.05%,8.71M,1.24,3.34%,1.21,3.26%,2.00,26.19%,"May 10, 2020","Apr 26, 2020",9434:10000,"Jul 01, 2007","Dec 30, 2019","Mar 30, 2020",27.06%,34.69%,1.10%,10.80%,16.53B,17.92,1.20%,16.49B,N/A,4.29B,4.63,3.60%,210.27B,237.47,73.59B,N/A,N/A,42.47,-640M,N/A
key,1.54,-34.34%,5.66%,20.53,7.45,12.71,14.16,12.98M,9.32M,975.41M,969.68M,0.47%,83.42%,23.02M,1.63,2.69%,2.36%,19.2M,0.74,6.71%,0.73,6.57%,2.88,53.70%,"Jun 14, 2020","May 31, 2020",2:1,"Mar 08, 1998","Dec 30, 2019","Mar 30, 2020",26.14%,33.78%,0.97%,8.68%,5.57B,5.67,-24.30%,5.92B,N/A,1.34B,1.36,-64.10%,3.73B,3.83,21.43B,N/A,N/A,15.90,2.17B,N/A
cci,0.36,28.76%,5.66%,180.00,114.18,168.61,155.59,2.2M,2.17M,416.75M,414.57M,0.43%,93.22%,10.66M,4.48,2.96%,2.56%,9.94M,4.8,2.80%,4.65,2.71%,3.60,262.71%,"Jun 29, 2020","Jun 10, 2020",N/A,N/A,"Dec 30, 2019","Mar 30, 2020",14.75%,27.48%,2.60%,7.79%,5.78B,13.88,0.90%,3.78B,3.1B,739M,1.77,-4.10%,310M,0.74,24.56B,242.68,0.47,24.27,2.84B,423.62M
ecl,1.00,0.87%,5.66%,231.36,124.60,206.55,191.30,4.21M,1.54M,284.25M,256.32M,0.51%,87.90%,14.55M,1.49,5.87%,5.12%,3.68M,1.88,0.95%,1.86,0.94%,1.09,35.16%,"Jul 14, 2020","Jun 14, 2020",2:1,"Jun 08, 2003","Dec 30, 2019","Mar 30, 2020",10.32%,15.95%,6.90%,18.29%,14.98B,51.98,2.20%,6.22B,3.37B,1.55B,5.29,-4.40%,1.66B,5.75,8.34B,94.14,1.51,30.50,2.41B,1.76B
amat,1.40,35.24%,5.66%,69.44,36.64,59.20,56.17,8.19M,5.76M,916.48M,912.36M,0.36%,85.35%,22.1M,2.57,2.42%,2.41%,21.92M,0.88,1.39%,0.85,1.34%,1.50,26.75%,"Sep 09, 2020","Aug 18, 2020",2:1,"Apr 16, 2002","Oct 26, 2019","Apr 25, 2020",18.89%,23.81%,11.32%,33.86%,15.43B,16.77,11.80%,6.39B,4.04B,2.92B,3.14,13.40%,5.7B,6.22,7.06B,78.22,2.67,9.85,3.24B,2.36B
v,0.92,6.63%,5.66%,214.17,133.93,194.37,186.06,9.59M,7.64M,1.69B,1.69B,0.20%,98.06%,32.89M,3.72,1.95%,1.54%,32.2M,1.2,0.62%,1.15,0.60%,0.63,19.78%,"Jun 01, 2020","May 12, 2020",4:1,"Mar 18, 2015","Sep 29, 2019","Mar 30, 2020",52.26%,66.98%,14.02%,36.25%,23.89B,11.05,6.60%,22.26B,16.35B,12.03B,5.56,3.60%,12.15B,5.71,18.48B,53.43,1.25,13.64,12.77B,9.7B
rcl,2.51,-54.12%,5.66%,135.32,19.25,55.20,69.09,21.53M,13.99M,209.38M,175.72M,18.45%,75.90%,24.97M,0.97,14.62%,11.93%,25.28M,3.12,6.62%,3.04,6.45%,2.34,357.65%,"Apr 05, 2020","Mar 04, 2020",2:1,"Aug 02, 1998","Dec 30, 2019","Mar 30, 2020",1.75%,14.99%,3.18%,1.89%,10.54B,50.36,-16.70%,5.1B,2.86B,184.73M,0.88,N/A,3.89B,18.58,16.83B,155.65,0.51,48.87,2.84B,-1.45B
tmo,1.05,32.46%,5.66%,395.00,250.21,354.34,328.05,1.55M,1.29M,394.95M,394.01M,0.21%,93.01%,3.66M,2.59,0.93%,0.93%,3.51M,0.88,0.23%,0.79,0.20%,0.33,8.66%,"Jul 14, 2020","Jun 11, 2020",3:2,"Jun 05, 1996","Dec 30, 2019","Mar 27, 2020",14.31%,16.63%,4.66%,13.04%,25.65B,64.24,1.70%,11.34B,6.56B,3.67B,9.12,-3.30%,2.98B,7.55,20B,70.03,2.32,72.31,4.68B,3.2B
vtr,1.17,-47.73%,5.66%,75.40,13.35,37.86,41.50,4.14M,2.85M,373.08M,371.57M,0.41%,91.86%,10.8M,2.42,3.78%,2.90%,10.94M,1.8,5.24%,3.17,9.23%,5.21,150.95%,"Jul 13, 2020","Jun 29, 2020",8757:10000,"Aug 17, 2015","Dec 30, 2019","Mar 30, 2020",19.94%,21.17%,2.10%,7.37%,3.91B,10.58,5.80%,2.05B,1.76B,780.35M,2.09,276.10%,2.85B,7.63,14.42B,132.15,3.04,28.50,1.42B,1.29B
chd,0.32,9.96%,5.66%,83.04,47.98,76.19,72.24,1.53M,1.53M,245.89M,245.25M,0.20%,86.36%,7.37M,4.84,3.42%,3.00%,7.72M,0.96,1.17%,0.92,1.13%,1.43,34.68%,"May 31, 2020","May 13, 2020",2:1,"Sep 01, 2016","Dec 30, 2019","Mar 30, 2020",14.96%,19.67%,8.19%,25.20%,4.48B,18.20,11.50%,1.98B,1.05B,670M,2.66,30.80%,1.05B,4.26,2.95B,104.61,1.03,11.47,963.1M,729.2M
ctsh,1.15,-15.25%,5.66%,71.48,40.01,55.30,56.75,3.6M,2.47M,540.58M,538.66M,0.24%,95.10%,12.02M,3.56,2.23%,2.22%,10.86M,0.88,1.58%,0.82,1.48%,N/A,25.71%,"May 28, 2020","May 18, 2020",2:1,"Mar 09, 2014","Dec 30, 2019","Mar 30, 2020",10.46%,17.08%,10.76%,16.26%,16.9B,30.60,2.80%,6.15B,3.39B,1.77B,3.19,-16.80%,4.28B,7.92,3.4B,32.03,2.90,19.62,2.73B,2.43B
expe,1.58,-38.00%,5.66%,144.00,40.76,84.23,85.00,4.65M,4M,135.46M,126.33M,0.70%,107.95%,13.14M,2.27,11.03%,9.32%,13.23M,N/A,N/A,1.34,1.64%,0.97,N/A,"Mar 25, 2020","Mar 08, 2020",1:2,"Dec 20, 2011","Dec 30, 2019","Mar 30, 2020",-5.43%,6.12%,2.16%,-15.42%,11.67B,80.22,-15.30%,9.9B,1.07B,-633M,-4.36,N/A,4.1B,29.07,7.38B,197.19,0.80,16.10,-166M,-1.47B
bkng,1.05,-9.27%,5.66%,2094.00,1107.29,1670.17,1651.90,566.85k,355.2k,40.93M,40.79M,0.35%,96.71%,1.24M,1.75,3.04%,3.03%,1.51M,N/A,N/A,N/A,N/A,N/A,0.00%,N/A,N/A,1:6,"Jun 15, 2003","Dec 30, 2019","Mar 30, 2020",23.43%,34.23%,15.44%,63.30%,14.52B,344.79,-19.40%,15.07B,5.44B,3.4B,80.16,N/A,7.19B,175.64,9.21B,240.51,2.24,93.60,4.34B,2.97B
nlsn,1.23,-37.51%,5.66%,24.69,11.62,14.98,16.38,4.03M,2.28M,356.48M,327.22M,0.66%,107.57%,30.25M,7.18,9.80%,8.49%,26.37M,0.24,1.67%,0.82,5.69%,4.05,N/A,"Jun 17, 2020","Jun 02, 2020",N/A,N/A,"Dec 30, 2019","Mar 30, 2020",-7.33%,11.35%,3.08%,-17.74%,6.49B,18.24,-0.30%,3.68B,1.11B,-476M,-1.34,N/A,359M,1.01,8.95B,401.12,0.78,5.73,1.1B,527.62M
ppg,1.28,-9.06%,5.66%,134.36,69.77,105.66,104.73,1.73M,1.34M,235.92M,235.47M,0.42%,78.90%,3.1M,1.56,1.32%,1.32%,2.52M,2.04,1.94%,2.01,1.91%,1.60,40.77%,"Jun 11, 2020","May 07, 2020",2:1,"Jun 14, 2015","Dec 30, 2019","Mar 30, 2020",7.88%,11.91%,6.26%,24.37%,14.9B,62.90,-6.80%,6.53B,2.3B,1.17B,4.93,-22.10%,1.94B,8.23,7B,144.72,1.36,20.02,1.99B,1.43B
slb,2.12,-56.04%,5.66%,41.14,11.87,19.16,23.41,16.73M,10.56M,1.39B,1.38B,0.17%,79.70%,27.91M,1.75,2.02%,2.01%,27.52M,0.5,2.92%,2.00,11.68%,3.96,N/A,"Jul 08, 2020","Jun 01, 2020",2:1,"Apr 09, 2006","Dec 30, 2019","Mar 30, 2020",-55.19%,8.80%,3.00%,-68.20%,32.49B,23.45,-5.40%,4.2B,6.34B,-17.93B,-12.95,N/A,3.34B,2.41,16.64B,104.12,1.23,11.21,5.89B,3.75B
agn,N/A,N/A,N/A,202.21,156.06,193.02,187.79,4.99M,12.44M,N/A,N/A,N/A,N/A,N/A,N/A,N/A,N/A,N/A,N/A,N/A,2.96,1.53%,N/A,N/A,"May 07, 2020",N/A,N/A,N/A,N/A,N/A,N/A,N/A,N/A,N/A,N/A,N/A,N/A,13.65B,N/A,N/A,N/A,N/A,N/A,N/A,N/A,N/A,N/A,N/A,N/A,N/A
intc,0.79,18.77%,5.66%,69.29,43.63,60.59,59.46,23.71M,17.3M,4.23B,4.23B,0.05%,69.04%,38.86M,1.72,0.92%,0.92%,37.8M,1.32,2.26%,1.27,2.18%,2.62,24.76%,"May 31, 2020","May 05, 2020",2:1,"Jul 30, 2000","Dec 27, 2019","Mar 27, 2020",30.02%,33.61%,11.48%,30.31%,75.73B,17.37,23.50%,42.14B,36.71B,22.73B,5.16,42.50%,20.8B,4.91,39.92B,52.28,1.74,18.03,34.34B,13.24B
ffiv,1.09,-2.44%,5.66%,153.99,79.78,140.63,129.37,892.92k,885.5k,60.9M,60.65M,0.32%,95.01%,2.55M,3.62,4.72%,4.19%,1.77M,N/A,N/A,N/A,N/A,N/A,0.00%,N/A,N/A,2:1,"Aug 20, 2007","Sep 29, 2019","Mar 30, 2020",14.77%,19.68%,7.63%,19.66%,2.31B,38.16,7.10%,1.89B,537.23M,340.65M,5.61,-47.10%,821.15M,13.48,802.44M,40.16,1.12,32.96,682.25M,478.47M
ea,0.93,52.69%,5.66%,141.25,85.69,127.13,112.89,3.1M,2.07M,288.71M,287.15M,0.45%,95.52%,6.65M,2,2.32%,2.30%,6.04M,N/A,N/A,N/A,N/A,N/A,0.00%,N/A,N/A,2:1,"Nov 17, 2003","Mar 30, 2020","Mar 30, 2020",54.88%,26.19%,9.03%,47.51%,5.54B,18.90,12.00%,4.17B,1.6B,3.04B,10.30,100.00%,5.74B,19.87,1.22B,16.35,2.45,25.87,1.8B,1.12B
rok,1.50,32.40%,5.66%,230.71,115.38,213.47,190.97,1M,616.98k,115.82M,114.98M,0.67%,78.99%,2.93M,2.37,2.53%,2.53%,3.54M,4.08,1.93%,3.98,1.88%,2.14,65.25%,"Sep 09, 2020","Aug 13, 2020",2:1,"Apr 13, 1987","Sep 29, 2019","Mar 30, 2020",10.54%,19.52%,12.77%,62.86%,6.76B,58.08,1.50%,2.9B,1.47B,711.7M,6.08,-61.80%,642.4M,5.55,2.39B,255.21,1.57,5.36,1.27B,833M
gps,1.51,-38.39%,5.66%,19.86,5.26,11.30,12.09,16.51M,13.61M,373.47M,267.39M,44.28%,63.54%,34.16M,1.91,17.49%,9.15%,41.19M,N/A,N/A,0.97,8.24%,4.30,N/A,"Apr 27, 2021","Apr 05, 2021",3:2,"Jun 21, 1999","Jan 31, 2020","May 01, 2020",-5.47%,2.62%,1.84%,-27.45%,14.78B,39.50,-43.10%,8B,936M,-808M,-2.17,N/A,1.08B,2.89,7.97B,343.85,1.23,6.21,442M,152M
schw,1.25,-13.65%,5.66%,51.65,28.00,36.18,38.89,11.15M,8.38M,1.29B,1.15B,10.45%,84.39%,73.8M,6.28,6.40%,5.73%,73.55M,0.72,2.13%,0.69,2.04%,1.00,26.95%,"May 21, 2020","May 06, 2020",3:2,"May 30, 2000","Dec 30, 2019","Mar 30, 2020",33.30%,44.21%,1.08%,14.76%,10.62B,8.17,-3.90%,10.47B,N/A,3.36B,2.56,-17.50%,102.77B,79.82,9.86B,37.52,0.43,18.24,22.04B,N/A
cah,1.00,3.92%,5.66%,60.69,39.05,53.41,51.65,2.43M,1.94M,291.99M,291.4M,0.16%,91.51%,4.12M,1.9,1.61%,1.41%,4M,1.94,3.98%,1.92,3.94%,2.94,N/A,"Jul 14, 2020","Jun 29, 2020",3:2,"Apr 22, 2001","Jun 29, 2019","Mar 30, 2020",-2.71%,1.19%,2.78%,-111.72%,153.59B,522.40,11.20%,6.83B,2.75B,-4.16B,-14.14,18.20%,2.33B,7.98,7.75B,642.79,1.05,4.12,2.23B,1.83B
abmd,0.93,1.51%,5.66%,285.77,119.01,244.97,187.25,522.84k,353.43k,45.04M,43.93M,2.04%,101.37%,2.36M,4.53,6.02%,5.24%,2.88M,N/A,N/A,N/A,N/A,N/A,0.00%,N/A,N/A,2:1,"Oct 01, 2000","Mar 30, 2020","Mar 30, 2020",24.14%,29.57%,13.69%,20.28%,840.88M,18.61,-0.20%,689.58M,269.07M,203.01M,4.43,-57.00%,443.12M,9.86,12.22M,1.15,4.82,23.67,314.92M,186.58M
anet,1.15,-22.16%,5.66%,289.45,156.63,221.17,211.94,711.93k,431.4k,75.7M,108.73M,28.50%,62.57%,3.91M,6.69,8.51%,5.16%,3.06M,N/A,N/A,N/A,N/A,N/A,0.00%,N/A,N/A,N/A,N/A,"Dec 30, 2019","Mar 30, 2020",34.10%,33.05%,12.98%,30.38%,2.34B,30.61,-12.20%,1.54B,807.59M,796.96M,9.89,-31.10%,2.64B,17.42,78.5M,2.76,5.82,37.65,987.78M,702.78M
lvs,1.61,-28.52%,5.66%,74.29,33.30,48.19,53.76,8.03M,4.76M,763.73M,365.54M,56.70%,38.55%,10.12M,1.32,44.54%,1.32%,12.58M,N/A,N/A,3.10,6.94%,5.09,112.78%,"Mar 25, 2020","Mar 16, 2020",N/A,N/A,"Dec 30, 2019","Mar 30, 2020",17.81%,24.17%,8.25%,42.18%,11.88B,15.45,-51.10%,10.89B,4.02B,2.12B,2.75,N/A,2.64B,3.45,12.32B,225.80,1.44,5.88,1.85B,1.02B
pxd,1.78,-34.30%,5.66%,159.01,48.62,97.27,104.38,2.62M,1.53M,164.27M,163.19M,0.93%,93.58%,4.88M,1.77,2.99%,2.97%,6.01M,2.2,2.40%,1.43,1.56%,0.29,34.21%,"Jul 13, 2020","Jun 28, 2020",N/A,N/A,"Dec 30, 2019","Mar 30, 2020",7.36%,22.42%,7.07%,5.69%,9.44B,56.79,-10.40%,4.03B,3.86B,693M,4.16,-17.40%,826M,5.01,2.91B,23.85,1.00,74.07,3.34B,-317.25M
cdw,1.19,-1.79%,5.66%,146.09,73.39,115.26,116.15,999.44k,792.85k,142.26M,140.8M,0.92%,95.15%,2.01M,1.91,1.62%,1.41%,2.01M,1.52,1.35%,1.35,1.20%,0.96,26.32%,"Jun 09, 2020","May 20, 2020",N/A,N/A,"Dec 30, 2019","Mar 30, 2020",4.07%,6.23%,9.04%,82.75%,18.46B,128.20,10.90%,3.04B,1.44B,751.8M,5.14,9.80%,214.4M,1.51,3.95B,443.62,1.28,6.25,997.8M,768.09M
stx,1.06,-1.99%,5.66%,64.17,39.02,50.47,51.77,2.79M,2.27M,256.62M,223.94M,0.68%,91.72%,14.68M,5.72,7.58%,5.72%,12.95M,2.6,5.56%,2.56,5.47%,5.92,38.55%,"Jul 07, 2020","Jun 22, 2020",N/A,N/A,"Jun 27, 2019","Apr 02, 2020",17.57%,12.75%,9.48%,104.62%,10.36B,38.92,17.50%,2.93B,1.73B,1.82B,6.78,64.10%,1.61B,6.29,4.17B,232.59,1.49,6.96,1.77B,809.88M
de,0.95,-4.16%,5.66%,181.99,106.14,156.27,152.52,1.73M,1.07M,312.86M,280.55M,0.23%,80.91%,4.8M,2.54,1.71%,1.54%,4.99M,3.04,1.93%,3.04,1.93%,2.16,34.51%,"Aug 09, 2020","Jun 28, 2020",2:1,"Dec 03, 2007","Nov 02, 2019","May 02, 2020",7.61%,10.15%,3.11%,23.57%,36.8B,117.15,-18.30%,9.18B,5.66B,2.8B,8.81,-41.30%,8.33B,26.62,50.59B,426.40,2.27,37.92,5.68B,-121.2M
pwr,1.14,-2.98%,5.66%,44.09,23.77,38.70,36.61,1.45M,1.22M,137.65M,136.04M,0.92%,100.96%,5.53M,3.66,4.57%,4.02%,6.37M,0.2,0.54%,0.18,0.50%,N/A,8.29%,"Jul 14, 2020","Jun 29, 2020",3:2,"Apr 09, 2000","Dec 30, 2019","Mar 30, 2020",2.65%,4.53%,4.30%,8.70%,12.07B,82.92,-1.50%,1.6B,833.89M,320.24M,2.17,-67.90%,377.2M,2.74,1.95B,51.51,1.78,27.54,836.85M,782.51M
unm,1.67,-49.72%,5.66%,33.35,9.58,16.69,19.96,3.65M,2.54M,203.42M,202.36M,0.63%,102.98%,8.26M,2.03,4.66%,4.06%,7.21M,1.14,7.36%,1.14,7.36%,2.73,23.62%,"May 14, 2020","Apr 23, 2020",2:1,"Jun 02, 1997","Dec 30, 2019","Mar 30, 2020",8.25%,12.11%,1.39%,10.40%,11.88B,57.41,-3.90%,3.43B,1.55B,980.4M,4.73,-42.70%,1.72B,8.46,3.31B,33.81,7.16,48.21,1.44B,771.88M
mhk,1.55,-52.89%,5.66%,156.60,56.62,97.57,103.36,1.08M,3.48M,71.18M,58.46M,20.03%,87.82%,4.35M,5.46,9.14%,6.11%,3.85M,N/A,N/A,N/A,N/A,N/A,0.00%,N/A,N/A,3:2,"Dec 04, 1997","Dec 30, 2019","Mar 27, 2020",7.47%,9.12%,4.17%,9.51%,9.81B,136.71,-6.40%,2.77B,1.48B,733.14M,49.90,-9.10%,263.09M,3.7,3.07B,39.12,1.61,110.15,1.44B,944.42M
sbac,0.41,29.39%,5.66%,323.02,205.20,300.96,279.72,815.1k,544k,111.62M,110.32M,1.24%,96.32%,1.48M,2,1.84%,1.32%,1.42M,1.86,0.61%,1.67,0.54%,N/A,N/A,"Jun 17, 2020","May 26, 2020",N/A,N/A,"Dec 30, 2019","Mar 30, 2020",-0.30%,31.08%,4.24%,N/A,2.04B,18.10,4.80%,1.51B,1.34B,-6.06M,-0.06,N/A,184.14M,1.65,13.22B,N/A,0.39,-38.70,1.03B,741.22M
amgn,0.95,41.40%,5.66%,264.97,173.12,232.98,225.41,2.85M,2.37M,588.25M,586.92M,0.22%,78.93%,5.89M,1.93,1.00%,1.00%,7.01M,6.4,2.54%,5.95,2.36%,2.53,46.59%,"Jun 07, 2020","May 14, 2020",2:1,"Nov 21, 1999","Dec 30, 2019","Mar 30, 2020",32.03%,40.07%,9.55%,75.55%,23.97B,40.14,10.90%,19.01B,12.04B,7.67B,12.77,-8.40%,8.01B,13.62,31.85B,335.77,1.59,16.13,9.44B,6.45B
wmt,0.30,13.65%,5.66%,133.38,102.00,121.60,119.66,9.5M,15.11M,2.83B,1.39B,50.91%,30.95%,14.04M,1.4,1.01%,0.50%,15.32M,2.16,1.69%,2.13,1.67%,2.41,50.76%,"Jan 03, 2021","Aug 12, 2020",2:1,"Apr 19, 1999","Jan 30, 2020","Apr 29, 2020",2.81%,4.24%,6.06%,20.63%,534.66B,188.23,8.60%,129.36B,34.19B,15.03B,5.26,3.90%,14.93B,5.27,76.59B,103.34,0.77,24.10,28.71B,17.76B
dri,1.33,-42.52%,5.66%,128.41,26.15,76.56,84.19,3.43M,2.54M,129.82M,124.06M,0.30%,83.13%,5.85M,1.84,5.70%,4.50%,7.11M,N/A,N/A,2.64,3.70%,2.99,N/A,"Feb 02, 2020","Jan 08, 2020",10000:8939,"Nov 09, 2015","May 30, 2020","May 30, 2020",-0.67%,5.61%,3.46%,-2.08%,7.81B,63.63,-43.00%,1.41B,794M,-49.2M,-0.43,N/A,763.3M,6.13,5.48B,234.86,0.61,18.72,711.3M,305.6M
pg,0.40,7.28%,5.66%,128.09,94.34,118.24,118.70,8.54M,6.27M,2.47B,2.47B,0.11%,65.03%,16.62M,2.22,0.68%,0.67%,18.71M,3.16,2.58%,2.98,2.44%,3.05,162.15%,"May 14, 2020","Apr 22, 2020",2:1,"Jun 20, 2004","Jun 29, 2019","Mar 30, 2020",7.09%,22.80%,8.35%,10.01%,70.35B,28.20,4.60%,33.44B,19.06B,4.73B,1.86,6.30%,15.39B,6.22,36.9B,80.32,0.82,18.03,16.75B,11.33B
aep,0.37,-7.72%,5.66%,104.97,65.14,82.64,87.93,2.85M,2.28M,494.83M,495.04M,0.01%,76.46%,7.21M,2.51,1.46%,1.46%,8.31M,2.8,3.41%,2.74,3.34%,3.34,73.66%,"Jun 09, 2020","May 06, 2020",N/A,N/A,"Dec 30, 2019","Mar 30, 2020",12.09%,18.57%,2.38%,9.37%,15.25B,30.87,-7.60%,6.5B,5.19B,1.84B,3.72,-13.50%,1.74B,3.51,33.33B,166.04,0.45,39.84,4.08B,-2.18B
xrx,1.60,-55.76%,5.66%,39.47,14.22,16.58,24.36,3.88M,4.64M,212.94M,179.97M,4.39%,89.19%,6.24M,1.32,3.95%,2.93%,6.66M,1,6.84%,1.00,6.84%,3.35,41.49%,"Jul 30, 2020","Jun 28, 2020",1:4,"Jun 14, 2017","Dec 30, 2019","Mar 30, 2020",13.93%,11.35%,4.20%,10.36%,8.75B,40.12,-14.70%,3.65B,1.35B,548M,5.34,N/A,2.62B,12.31,4.64B,82.58,1.77,25.34,1.28B,1.13B
efx,1.21,18.88%,5.66%,180.07,103.01,167.80,147.72,981.77k,1.03M,121.39M,120.95M,0.42%,99.07%,2.44M,2.17,2.27%,2.01%,2.81M,1.56,0.96%,1.56,0.96%,1.17,70.27%,"Jun 11, 2020","May 20, 2020",2:1,"Dec 17, 1995","Dec 30, 2019","Mar 30, 2020",7.45%,14.71%,4.45%,10.95%,3.62B,29.90,13.20%,1.99B,885M,269.7M,2.22,N/A,369.9M,3.05,3.51B,144.38,1.00,19.66,313.6M,-48.74M
omc,0.74,-35.92%,5.66%,85.05,46.37,55.46,62.73,2.81M,2.23M,214.28M,212.72M,0.87%,107.51%,17.86M,6.22,9.54%,8.34%,20.78M,2.6,5.03%,2.60,5.03%,3.05,42.76%,"Jul 09, 2020","Jun 10, 2020",2:1,"Jun 25, 2007","Dec 30, 2019","Mar 30, 2020",8.96%,13.88%,5.28%,44.90%,14.89B,68.26,-1.80%,2.71B,2.3B,1.33B,6.09,-1.90%,2.69B,12.57,6.33B,202.40,0.92,11.42,1.26B,1.16B
zbra,1.66,32.09%,5.66%,278.60,150.06,260.29,231.76,379.54k,276.73k,53.09M,52.57M,1.12%,93.18%,657.57k,1.78,1.43%,1.24%,972.91k,N/A,N/A,N/A,N/A,N/A,0.00%,N/A,N/A,3:2,"Aug 25, 2004","Dec 30, 2019","Mar 27, 2020",11.59%,16.01%,9.82%,32.44%,4.47B,82.86,-1.30%,2.1B,878M,518M,9.50,-22.60%,24M,0.45,1.54B,89.17,0.85,32.54,751M,606.63M
cboe,0.51,-19.74%,5.66%,127.93,72.01,98.44,104.98,854.44k,749.2k,109.72M,108.75M,0.52%,85.96%,2.55M,2.87,2.98%,2.28%,2.58M,1.44,1.60%,1.08,1.20%,1.20,35.55%,"Jun 14, 2020","May 27, 2020",N/A,N/A,"Dec 30, 2019","Mar 30, 2020",15.52%,24.84%,8.27%,13.11%,2.82B,25.33,52.90%,1.14B,857.3M,435.1M,4.55,65.00%,208.8M,1.9,1.01B,30.39,1.76,28.09,678.1M,601.08M
bkr,1.70,-39.04%,5.66%,25.99,9.12,16.07,16.87,6.54M,5.42M,655.04M,653.39M,0.20%,95.34%,19.5M,3.18,3.90%,1.89%,20.14M,0.72,4.64%,N/A,N/A,N/A,N/A,"Jun 04, 2020","May 21, 2020",N/A,N/A,"Dec 30, 2019","Mar 30, 2020",-42.77%,6.72%,2.20%,-59.91%,23.65B,40.12,-3.40%,4.43B,3.01B,-10.11B,N/A,N/A,3.01B,4.59,6.5B,36.11,1.45,N/A,2.79B,3.32B
pkg,1.27,1.82%,5.66%,114.78,71.05,100.88,96.61,753.29k,654.03k,94.84M,92.45M,1.52%,94.95%,2.62M,4.01,3.61%,2.76%,1.72M,3.16,3.31%,3.16,3.31%,2.88,46.06%,"Jul 14, 2020","Jun 11, 2020",N/A,N/A,"Dec 30, 2019","Mar 30, 2020",9.39%,14.56%,8.85%,21.91%,6.94B,73.94,-1.40%,1.64B,1.4B,646.3M,6.86,-24.10%,856.3M,9.12,2.74B,86.86,3.51,33.53,1.21B,681M
mro,3.40,-60.31%,5.66%,14.39,3.02,6.21,7.45,39.42M,28.53M,790.31M,787.72M,0.33%,87.78%,45.68M,1.05,7.48%,5.78%,65.37M,N/A,N/A,0.15,2.85%,2.19,62.50%,"Mar 09, 2020","Feb 17, 2020",10000:5965,"Jun 30, 2011","Dec 30, 2019","Mar 30, 2020",5.28%,12.03%,1.80%,2.15%,4.92B,6.12,-16.50%,3.81B,3.18B,260M,0.32,N/A,817M,1.03,5.69B,47.59,1.32,15.12,2.94B,532.62M
lhx,0.75,-15.16%,5.66%,230.99,142.01,185.17,194.99,1.66M,1.63M,215.87M,214.65M,0.48%,86.57%,2.68M,1.62,1.25%,1.24%,3.22M,3.4,2.13%,3.00,1.88%,1.80,36.33%,"Jun 15, 2020","May 31, 2020",10000:9448,"May 10, 2009","Jan 02, 2020","Sep 26, 2019",7.55%,13.85%,N/A,N/A,21.42B,87.07,187.40%,5.36B,4.02B,1.62B,7.35,101.40%,1B,4.64,N/A,34.01,1.41,103.41,2.01B,N/A
wec,0.18,1.97%,5.66%,109.53,68.01,89.76,92.92,1.67M,1.22M,315.44M,314.66M,0.17%,77.62%,5.12M,2.97,1.86%,1.62%,4.43M,2.53,2.89%,2.40,2.75%,3.00,65.29%,"May 31, 2020","May 12, 2020",2:1,"Mar 01, 2011","Dec 30, 2019","Mar 30, 2020",16.08%,22.82%,3.02%,11.32%,7.25B,23.00,-11.30%,2.67B,2.59B,1.17B,3.68,7.70%,15.4M,0.05,12.73B,121.38,0.65,32.79,2.3B,-596.4M
see,1.18,-20.66%,5.66%,45.86,17.06,32.44,31.67,1.34M,1.14M,155.66M,154.65M,0.68%,97.11%,4.78M,4.48,3.51%,3.07%,5.85M,0.64,1.97%,0.64,1.97%,1.47,28.83%,"Jun 18, 2020","Jun 03, 2020",2:1,"Mar 18, 2007","Dec 30, 2019","Mar 30, 2020",6.84%,14.90%,8.35%,N/A,4.85B,31.46,5.50%,1.56B,900M,343.4M,2.14,120.20%,274.6M,1.76,3.96B,N/A,1.14,-1.17,487M,372.68M
wy,1.88,-7.24%,5.66%,31.58,13.10,22.27,23.41,5.85M,4.94M,746.21M,743.79M,0.27%,79.18%,8.33M,1.37,1.31%,1.12%,7.64M,N/A,N/A,1.36,6.02%,4.38,277.55%,"Mar 19, 2020","Mar 04, 2020",2:1,"Jul 19, 2010","Dec 30, 2019","Mar 30, 2020",5.47%,9.99%,2.41%,4.30%,6.64B,8.90,5.20%,1.14B,1.17B,363M,0.49,N/A,1.46B,1.95,7.46B,92.28,1.37,10.83,1.07B,1.18B
bll,0.51,4.49%,5.66%,82.82,51.26,70.80,68.82,1.92M,1.84M,326M,323.23M,0.68%,84.87%,9.78M,4.81,3.49%,3.00%,10.5M,0.6,0.84%,0.60,0.84%,0.79,43.17%,"Jun 14, 2020","May 28, 2020",2:1,"May 16, 2017","Dec 30, 2019","Mar 30, 2020",4.11%,10.55%,4.52%,13.92%,11.47B,34.89,0.00%,2.27B,1.89B,472M,1.40,-80.30%,801M,2.46,8.25B,305.59,1.06,8.07,969M,815.5M
trow,1.16,15.30%,5.66%,139.82,82.51,124.00,118.62,1.3M,1.06M,227.55M,220.17M,1.73%,74.61%,5.35M,4.35,2.37%,2.35%,6.89M,3.6,2.93%,3.18,2.59%,2.69,39.65%,"Jun 29, 2020","Jun 11, 2020",2:1,"Jun 25, 2006","Dec 30, 2019","Mar 30, 2020",34.10%,44.53%,18.73%,25.50%,5.75B,24.50,10.20%,3.23B,2.76B,1.91B,8.02,-33.10%,1.56B,6.87,172.6M,2.33,2.20,28.22,1.73B,1.78B
rf,1.70,-31.31%,5.66%,17.54,6.94,11.66,12.36,12.08M,10.41M,959.68M,956.11M,0.42%,77.07%,23.87M,2.08,2.86%,2.49%,18.83M,0.62,6.31%,0.61,6.15%,2.73,47.64%,"Jun 30, 2020","Jun 03, 2020",12346:10000,"Jun 30, 2004","Dec 30, 2019","Mar 30, 2020",25.99%,33.44%,1.03%,8.22%,5.19B,5.30,-23.60%,5.52B,N/A,1.26B,1.27,-58.90%,4.02B,4.19,13.8B,N/A,N/A,16.73,2.79B,N/A
prgo,1.21,7.13%,5.66%,63.86,40.01,54.70,53.21,872.01k,819.05k,136.31M,135.93M,0.41%,86.44%,3.3M,3.68,3.47%,2.42%,3.17M,0.9,1.66%,0.86,1.58%,0.98,76.64%,"Jun 15, 2020","May 27, 2020",2:1,"Aug 25, 1993","Dec 30, 2019","Mar 27, 2020",3.77%,9.48%,2.63%,3.28%,5B,36.77,14.20%,1.77B,867.2M,188.6M,1.37,66.50%,514.1M,3.77,3.6B,62.18,1.86,42.45,465.1M,-42.69M
luv,1.25,-36.43%,5.66%,58.83,22.47,34.68,40.63,25.62M,14.64M,589.39M,507.09M,0.25%,76.34%,17.91M,0.59,3.88%,3.04%,19.65M,N/A,N/A,0.72,2.28%,0.99,21.24%,"Mar 24, 2020","Mar 02, 2020",3:2,"Feb 15, 2001","Dec 30, 2019","Mar 30, 2020",8.46%,10.85%,5.47%,19.28%,21.51B,40.67,-17.80%,7.02B,3.39B,1.82B,3.44,N/A,5.55B,10.9,6.42B,70.74,0.69,17.84,2.5B,1.02B
msci,0.94,51.28%,5.66%,379.97,206.82,333.25,304.94,581.82k,563.3k,83.6M,80.97M,3.18%,95.44%,883.04k,1.37,1.23%,1.06%,1.21M,2.72,0.73%,2.62,0.70%,1.05,41.99%,"May 28, 2020","May 13, 2020",N/A,N/A,"Dec 30, 2019","Mar 30, 2020",33.28%,49.96%,13.89%,N/A,1.6B,18.91,12.20%,1.27B,865.52M,533.58M,6.24,-16.90%,1.07B,12.76,3.35B,N/A,2.03,-4.23,734.42M,544.45M
info,1.01,15.34%,5.66%,81.65,44.81,72.62,70.48,2.13M,1.67M,396.81M,393.62M,6.96%,99.08%,9.07M,4.98,2.57%,2.29%,9.67M,0.68,0.90%,0.34,0.45%,N/A,17.17%,"May 14, 2020","Apr 28, 2020",3:1,"Jul 12, 2016","Nov 29, 2019","May 30, 2020",18.43%,21.08%,3.56%,9.64%,4.34B,10.90,-9.60%,2.76B,1.5B,799.9M,1.97,-52.10%,207.8M,0.52,5.78B,71.13,0.73,20.43,1.04B,943.19M
wm,0.74,-12.04%,5.66%,126.79,85.34,105.42,107.77,2.23M,1.64M,422.02M,420.67M,0.16%,80.14%,3.88M,1.7,0.92%,0.92%,5.2M,2.18,2.14%,2.08,2.04%,2.20,52.72%,"Jun 18, 2020","Jun 03, 2020",N/A,N/A,"Dec 30, 2019","Mar 30, 2020",10.87%,17.56%,6.73%,25.60%,15.49B,36.48,0.90%,5.97B,4.33B,1.68B,3.95,4.00%,3.12B,7.41,13.45B,199.44,1.84,15.98,3.75B,1.4B
ppl,0.76,-17.24%,5.66%,36.83,18.12,26.92,29.11,5.71M,4.66M,768.76M,767.91M,0.07%,71.20%,11.81M,1.89,1.54%,1.54%,10.67M,1.66,6.80%,1.65,6.77%,4.87,67.45%,"Jun 30, 2020","Jun 08, 2020",10000:9314,"Jun 01, 2015","Dec 30, 2019","Mar 30, 2020",23.68%,41.13%,4.38%,14.43%,7.74B,10.46,-1.20%,4.36B,4.49B,1.83B,2.45,18.90%,915M,1.19,23.64B,178.52,0.56,17.24,2.64B,-573M
mas,1.47,27.89%,5.66%,51.18,27.04,48.31,43.98,3.31M,2.08M,263.76M,262.1M,0.76%,100.95%,5.54M,1.7,2.41%,2.10%,7.25M,0.54,1.09%,0.39,0.78%,1.17,21.98%,"Aug 09, 2020","Jul 08, 2020",1138:1000,"Jun 30, 2015","Dec 30, 2019","Mar 30, 2020",19.91%,16.12%,13.07%,N/A,6.78B,24.02,4.50%,2.37B,1.25B,656M,4.74,356.90%,767M,2.91,2.93B,N/A,1.83,-1.32,872M,1.02B
rop,1.05,2.77%,5.66%,410.41,240.00,393.35,358.17,605.13k,457.27k,104.4M,103.83M,1.92%,96.24%,1.58M,2.64,1.79%,1.51%,1.97M,2.05,0.52%,1.95,0.49%,0.57,12.52%,"Jul 21, 2020","Jul 06, 2020",2:1,"Aug 28, 2005","Dec 30, 2019","Mar 30, 2020",30.18%,27.65%,5.59%,18.49%,5.43B,52.18,4.90%,3.43B,1.94B,1.64B,15.57,-35.00%,999.8M,9.58,5.28B,55.01,0.96,91.87,1.54B,1.62B
zion,1.70,-29.01%,5.66%,52.48,23.58,34.58,36.61,2.82M,1.7M,163.86M,161.33M,1.53%,102.10%,7.82M,2.71,5.57%,4.77%,10.4M,1.36,4.47%,1.32,4.34%,1.60,41.77%,"May 20, 2020","May 06, 2020",4:1,"May 14, 1997","Dec 30, 2019","Mar 30, 2020",24.36%,33.64%,0.88%,8.19%,2.53B,14.83,-37.40%,2.8B,N/A,579M,3.20,-93.40%,3.14B,19.16,5.84B,N/A,N/A,42.15,892M,N/A
cag,0.78,31.94%,5.66%,36.49,22.83,34.16,32.02,3.5M,2.96M,487.08M,485.99M,0.32%,88.03%,9.66M,2.79,2.58%,1.98%,10.16M,0.85,2.39%,0.85,2.39%,2.56,49.42%,"Jun 02, 2020","Apr 28, 2020",1285:1000,"Nov 09, 2016","May 30, 2020","May 30, 2020",7.60%,16.55%,5.14%,10.92%,11.05B,22.68,25.80%,3.1B,2.22B,840.1M,1.72,59.20%,553.3M,1.13,9.75B,122.60,0.88,16.31,1.84B,1.4B
nflx,0.96,49.68%,5.66%,555.88,252.28,449.52,393.86,7.84M,8.83M,439.8M,433.61M,1.62%,83.49%,11.32M,1.87,2.63%,2.57%,12.92M,N/A,N/A,N/A,N/A,N/A,0.00%,N/A,N/A,7:1,"Jul 14, 2015","Dec 30, 2019","Mar 30, 2020",10.43%,14.50%,6.23%,31.63%,21.4B,48.82,27.60%,7.72B,3.21B,2.23B,4.94,106.10%,5.15B,11.72,16.27B,193.42,0.82,19.12,-2.25B,11.26B
all,0.88,-16.69%,5.66%,125.92,64.13,96.89,103.07,2.13M,2.63M,314.12M,312.42M,0.42%,80.77%,3.95M,1.92,1.26%,1.26%,3.87M,2.16,2.52%,2.04,2.38%,1.82,17.17%,"Jun 30, 2020","May 27, 2020",2:1,"Jul 01, 1998","Dec 30, 2019","Mar 30, 2020",9.38%,12.76%,3.01%,17.25%,43.76B,134.90,-8.30%,12.49B,6.23B,3.93B,11.92,-57.50%,6.01B,19.13,6.63B,27.44,0.51,70.49,5.44B,2.61B
nue,1.44,-26.76%,5.66%,58.70,27.53,42.24,42.71,2.38M,2.45M,301.14M,299.22M,0.65%,81.57%,3.64M,1.75,1.39%,1.21%,5.24M,1.61,4.15%,1.61,4.14%,2.94,62.21%,"Aug 10, 2020","Jun 28, 2020",2:1,"May 31, 2006","Dec 30, 2019","Apr 03, 2020",3.57%,7.66%,5.89%,8.48%,22.12B,72.72,-7.70%,2.7B,2.48B,783.97M,2.58,-95.90%,1.39B,4.62,4.44B,41.93,3.54,33.77,2.36B,365.46M
aig,1.47,-46.48%,5.66%,58.66,16.07,31.97,35.58,7.33M,7.32M,861.29M,860.16M,0.10%,95.68%,20.28M,2.76,2.36%,2.35%,18.23M,1.28,4.57%,1.28,4.57%,2.32,26.02%,"Jun 28, 2020","Jun 11, 2020",1:20,"Jun 30, 2009","Dec 30, 2019","Mar 30, 2020",8.58%,16.90%,1.07%,7.81%,51.76B,59.06,15.90%,15.38B,14.33B,4.37B,4.96,167.40%,22.19B,25.76,36.71B,59.36,0.71,69.30,34M,620.75M
aap,1.32,-15.40%,5.66%,171.43,71.33,141.31,129.71,963.17k,771.07k,69.1M,68.61M,0.34%,104.09%,1.94M,1.78,3.28%,2.80%,2.11M,1,0.75%,0.43,0.32%,0.18,7.83%,"Jul 02, 2020","Jun 10, 2020",3:2,"Sep 25, 2005","Dec 27, 2019","Apr 17, 2020",4.10%,6.67%,3.40%,10.95%,9.45B,134.65,-8.60%,4.26B,877.58M,387.98M,5.50,-69.40%,1.28B,18.59,4.18B,118.24,1.36,51.39,673.28M,154.06M
rost,0.80,-18.39%,5.66%,124.16,56.30,92.85,98.54,3.22M,2.59M,355.92M,348.37M,2.14%,90.69%,4.13M,1.23,1.18%,1.16%,4.18M,N/A,N/A,0.80,0.94%,0.91,40.70%,"Mar 30, 2020","Mar 15, 2020",2:1,"Jun 11, 2015","Jan 31, 2020","May 01, 2020",6.63%,8.14%,7.25%,30.70%,14.09B,39.59,-51.50%,5.32B,1.51B,933.94M,2.61,N/A,2.67B,7.5,6.29B,223.37,1.75,7.92,604.12M,-65.25M
ksu,0.93,18.21%,5.66%,178.59,92.86,149.32,146.70,1.17M,806.93k,95.02M,94.38M,0.50%,96.10%,1.71M,1.62,2.04%,1.80%,2.02M,1.6,1.12%,1.52,1.06%,1.32,25.50%,"Jul 07, 2020","Jun 04, 2020",1:2,"Jul 12, 2000","Dec 30, 2019","Mar 30, 2020",20.11%,38.39%,7.23%,11.90%,2.92B,29.79,8.40%,1.42B,1.47B,587.7M,5.96,47.70%,91M,0.96,3.3B,69.20,1.32,46.65,1.11B,443.52M
dow,N/A,-19.97%,5.66%,56.25,21.95,41.11,40.06,5.7M,4.12M,740.73M,739.76M,0.08%,70.82%,16.86M,3.07,2.28%,2.28%,17.98M,2.8,6.94%,2.80,7.10%,N/A,N/A,"Jun 11, 2020","May 27, 2020",N/A,N/A,"Dec 30, 2019","Mar 30, 2020",-4.01%,8.84%,N/A,-6.86%,41.75B,56.36,-10.90%,6.37B,6.51B,-1.68B,-2.27,-57.00%,3.67B,4.95,20.05B,148.93,1.63,17.42,5.79B,N/A
nke,0.81,9.51%,5.66%,105.62,60.00,99.09,93.19,7.23M,5.43M,1.24B,1.23B,1.17%,85.83%,10.21M,1.37,1.14%,0.66%,11.43M,0.98,1.01%,0.95,0.98%,1.07,59.69%,"Jun 30, 2020","May 28, 2020",2:1,"Dec 23, 2015","May 30, 2020","May 30, 2020",6.79%,8.33%,7.07%,29.70%,37.4B,24.00,-38.00%,16.24B,3.78B,2.54B,1.60,N/A,8.79B,5.65,13.02B,161.58,2.48,5.18,N/A,N/A
azo,0.90,-5.50%,5.66%,1274.41,684.91,1130.25,1054.96,248.23k,175.78k,23.36M,23.19M,0.41%,96.51%,459.17k,1.72,1.97%,1.97%,444.39k,N/A,N/A,N/A,N/A,N/A,0.00%,N/A,N/A,2:1,"Apr 20, 1994","Aug 30, 2019","May 08, 2020",12.90%,18.06%,12.02%,N/A,12.07B,508.05,-0.10%,6.37B,2.57B,1.56B,64.01,-15.50%,543.5M,23.27,8.32B,N/A,0.94,-69.93,2.14B,1.28B
wrk,1.50,-22.59%,5.66%,44.39,21.50,28.51,32.24,2.92M,2.3M,259.26M,255.21M,1.51%,85.08%,5.22M,1.68,3.01%,2.01%,6.02M,0.8,3.05%,1.84,7.02%,3.61,56.10%,"May 27, 2020","May 17, 2020",11099:10000,"May 15, 2016","Sep 29, 2019","Mar 30, 2020",4.67%,8.21%,3.03%,7.38%,18.21B,70.58,-3.70%,3.57B,2.95B,849.8M,3.28,-7.70%,640.2M,2.47,11.6B,100.84,1.75,44.30,2.24B,975.52M
abbv,0.82,37.80%,5.66%,100.69,62.55,95.18,87.31,10.11M,6.29M,1.76B,1.47B,0.11%,76.76%,19.76M,1.94,1.12%,1.12%,24.8M,4.72,4.82%,4.50,4.59%,3.96,77.70%,"Aug 13, 2020","Jul 13, 2020",N/A,N/A,"Dec 30, 2019","Mar 30, 2020",24.77%,41.01%,11.80%,N/A,34.06B,22.99,10.10%,25.83B,16.04B,8.39B,5.65,22.60%,41.14B,27.86,67.09B,N/A,3.14,-5.02,14.12B,9.26B
qcom,1.36,22.64%,5.66%,96.17,58.00,87.76,81.88,9.47M,6.77M,1.12B,1.12B,0.12%,79.91%,15.39M,1.38,1.37%,1.37%,14.7M,2.6,2.79%,2.48,2.66%,3.58,73.37%,"Jun 24, 2020","Jun 02, 2020",2:1,"Aug 15, 2004","Sep 28, 2019","Mar 28, 2020",16.36%,33.54%,15.73%,117.15%,24.74B,21.07,4.70%,15.67B,9.69B,4.05B,3.41,-29.40%,9.95B,8.84,16.47B,540.85,1.57,2.70,8.34B,4.44B
cost,0.68,16.27%,5.66%,328.98,262.71,306.02,304.16,2.99M,3.06M,441.52M,440.23M,0.23%,71.54%,4.01M,1.18,0.91%,0.91%,4.79M,2.8,0.86%,2.65,0.81%,1.00,31.70%,"May 14, 2020","Apr 29, 2020",2:1,"Jan 13, 2000","Aug 31, 2019","May 09, 2020",2.31%,3.24%,6.82%,23.51%,160.88B,364.41,7.30%,19.82B,6.82B,3.71B,8.36,-7.50%,11.77B,26.67,12.51B,72.73,1.11,38.06,6.91B,2.96B
vmc,0.81,-11.86%,5.66%,152.49,65.56,116.63,119.36,1.42M,1.27M,132.43M,132.05M,0.19%,94.65%,2.76M,1.96,2.35%,2.08%,2.35M,1.36,1.16%,1.27,1.08%,0.77,27.37%,"Jun 04, 2020","May 20, 2020",3:1,"Mar 10, 1999","Dec 30, 2019","Mar 30, 2020",12.34%,17.79%,5.29%,11.45%,4.98B,37.62,5.30%,1.26B,1.24B,618.57M,4.61,-4.80%,120.04M,0.91,3.22B,57.55,2.68,42.21,950.43M,372.95M
dhi,1.62,29.72%,5.66%,62.54,25.51,55.78,50.60,4.29M,3.06M,363.54M,328.94M,8.51%,87.91%,4.65M,1,1.59%,1.28%,6.64M,0.7,1.21%,0.65,1.12%,1.12,12.82%,"May 20, 2020","May 07, 2020",4:3,"Mar 16, 2005","Sep 29, 2019","Mar 30, 2020",10.26%,12.87%,9.24%,18.69%,18.47B,50.04,9.00%,3.65B,2.45B,1.89B,5.07,37.40%,1.48B,4.06,4.43B,41.26,5.28,28.77,958.7M,907.63M
phm,1.34,5.64%,5.66%,47.37,17.12,34.69,34.41,4.06M,3.07M,268.15M,260.93M,3.17%,94.59%,5.44M,1.39,2.31%,2.03%,6.11M,0.48,1.42%,0.45,1.33%,1.47,12.07%,"Jul 01, 2020","Jun 10, 2020",2:1,"Sep 01, 2005","Dec 30, 2019","Mar 30, 2020",10.02%,13.60%,8.26%,20.14%,10.51B,38.56,14.90%,2.41B,1.49B,1.04B,3.82,22.20%,1.83B,6.83,3.82B,69.13,3.90,20.62,1.12B,611.12M
lb,1.23,-40.34%,5.66%,26.95,8.00,15.97,16.67,9.36M,4.69M,277.83M,191.91M,17.58%,81.08%,20.98M,1.93,10.69%,7.55%,23.02M,N/A,N/A,1.20,7.73%,5.52,N/A,"Mar 05, 2020","Feb 19, 2020",2:1,"May 30, 2000","Jan 31, 2020","May 01, 2020",-5.89%,7.26%,5.30%,N/A,11.94B,43.22,-37.10%,5.55B,1.45B,-703M,-2.55,N/A,957M,3.44,9.04B,N/A,1.06,-6.69,967M,441.88M
irm,0.69,-12.07%,5.66%,34.49,21.00,26.87,27.78,3.61M,2.81M,287.88M,284.71M,0.96%,87.56%,56.07M,17.18,26.90%,19.48%,54.64M,2.47,9.45%,2.46,9.39%,6.69,234.19%,"Jul 01, 2020","Jun 11, 2020",1082:1000,"Sep 25, 2014","Dec 30, 2019","Mar 30, 2020",7.05%,19.12%,3.75%,20.04%,4.28B,14.89,1.40%,2.43B,1.45B,301.66M,1.05,116.40%,152.68M,0.53,10.85B,914.75,0.76,3.90,975M,321.43M
mrk,0.49,-5.22%,5.66%,92.64,65.25,78.31,80.80,10.55M,6.87M,2.52B,2.52B,0.08%,78.55%,14.56M,1.31,0.58%,0.58%,18.99M,2.44,3.18%,2.26,2.95%,2.98,58.73%,"Jul 06, 2020","Jun 11, 2020",2:1,"Feb 16, 1999","Dec 30, 2019","Mar 30, 2020",21.10%,32.73%,11.76%,37.55%,48.08B,18.84,11.50%,33.68B,19.06B,10.15B,3.94,10.40%,7.44B,2.95,28B,106.46,1.12,10.38,12.81B,9B
antm,0.95,-16.90%,5.66%,310.78,171.03,273.03,270.32,1.42M,1.01M,252.14M,251.73M,0.17%,92.52%,2.46M,1.74,0.98%,0.98%,3.36M,3.8,1.49%,3.35,1.31%,1.40,18.11%,"Jun 24, 2020","Jun 08, 2020",2:1,"May 31, 2005","Dec 30, 2019","Mar 30, 2020",4.38%,6.31%,5.48%,15.49%,109.17B,429.24,20.10%,22.43B,7.43B,4.78B,18.47,-1.80%,25.8B,102.32,23.11B,72.91,1.53,125.76,6.95B,4.06B
bsx,0.92,-18.30%,5.66%,46.62,24.10,36.17,37.62,11.32M,9.5M,1.43B,1.39B,0.24%,95.35%,18.64M,1.5,1.31%,1.30%,11.2M,N/A,N/A,N/A,N/A,N/A,0.00%,N/A,N/A,2:1,"Nov 05, 2003","Dec 30, 2019","Mar 30, 2020",39.75%,14.97%,3.74%,37.22%,10.79B,7.74,2.00%,7.63B,2.67B,4.29B,3.04,-97.40%,370M,0.26,10.6B,76.82,1.21,9.86,1.41B,3.35B
nlok,1.14,-11.12%,5.66%,28.70,15.12,20.42,21.07,6.66M,4.48M,600.38M,582.9M,1.02%,97.46%,27.96M,3.66,5.87%,4.75%,26.44M,0.5,2.49%,N/A,N/A,1.73,44.44%,"Jun 23, 2020","Jun 08, 2020",2:1,"Nov 30, 2004","Apr 02, 2020","Apr 02, 2020",156.10%,24.90%,3.27%,20.11%,2.49B,4.05,-48.40%,2.1B,821M,578M,N/A,579.40%,2.26B,3.84,4.32B,43220.00,1.17,N/A,-861M,-563M
mgm,2.19,-44.86%,5.66%,34.64,5.90,18.24,21.03,27.77M,17.61M,492.69M,488.66M,0.77%,86.88%,33.95M,0.98,9.36%,6.88%,31.95M,0.01,0.06%,0.54,3.38%,N/A,9.87%,"Jun 14, 2020","Jun 08, 2020",2:1,"May 18, 2005","Dec 30, 2019","Mar 30, 2020",24.45%,7.20%,1.48%,22.82%,11.55B,22.45,-29.70%,5.3B,2.14B,2.83B,5.48,"2,478.10%",6.02B,12.2,20.54B,153.02,2.89,16.58,987.68M,3.39M
dlr,0.20,23.19%,5.66%,158.36,105.00,142.18,134.64,2.34M,1.28M,268.31M,267.27M,0.33%,89.95%,12.77M,5.7,5.48%,4.76%,12.62M,4.48,3.05%,4.36,2.97%,3.59,156.27%,"Jun 29, 2020","Jun 11, 2020",N/A,N/A,"Dec 30, 2019","Mar 30, 2020",21.89%,15.95%,1.11%,5.01%,3.14B,14.81,-9.60%,2.02B,1.58B,600M,2.80,91.80%,246.48M,0.92,13.68B,79.47,0.61,57.00,1.39B,2.26B
spg,1.36,-60.65%,5.66%,164.46,42.25,69.91,91.33,9.23M,6.64M,305.75M,303.02M,0.49%,98.34%,23.13M,2.13,9.95%,7.56%,23.33M,5.2,8.52%,8.35,13.68%,4.75,129.26%,"Jul 23, 2020","Jul 08, 2020",1063:1000,"May 28, 2014","Dec 30, 2019","Mar 30, 2020",35.15%,50.04%,5.45%,69.08%,5.66B,18.43,-0.90%,4.66B,4.17B,1.99B,6.46,-20.20%,3.72B,12.18,28.07B,1030.97,0.84,7.00,3.71B,1.9B
xom,1.34,-44.67%,5.66%,77.74,30.11,46.45,50.23,26.38M,20.24M,4.23B,4.22B,0.08%,56.77%,59.08M,2.33,1.40%,1.40%,59.7M,3.48,8.41%,3.48,8.41%,4.24,130.34%,"Jun 09, 2020","May 11, 2020",2:1,"Jul 18, 2001","Dec 30, 2019","Mar 30, 2020",4.57%,3.48%,1.52%,6.00%,249.07B,58.33,-10.60%,77.15B,28.25B,11.38B,2.66,N/A,11.41B,2.7,59.61B,31.58,0.78,43.06,27.65B,1.31B
exc,0.43,-23.51%,5.66%,50.54,29.28,37.96,40.60,5.97M,4.45M,974.41M,971.86M,0.26%,80.43%,10.09M,1.6,1.04%,1.04%,10.62M,1.53,4.18%,1.47,4.02%,3.47,54.85%,"Jun 09, 2020","May 13, 2020",2:1,"May 05, 2004","Dec 30, 2019","Mar 30, 2020",7.75%,13.23%,2.26%,7.14%,33.71B,34.61,-7.70%,10.27B,9.47B,2.61B,2.68,-35.80%,1.46B,1.5,40.03B,115.63,1.06,33.33,6.7B,-727.88M
adp,0.82,-10.81%,5.66%,182.32,103.11,149.01,152.45,2.2M,1.26M,429.77M,428.91M,0.14%,82.28%,4.25M,1.51,0.99%,0.99%,4.54M,3.64,2.50%,3.40,2.33%,2.10,58.32%,"Jun 30, 2020","Jun 10, 2020",1139:1000,"Sep 30, 2014","Jun 29, 2019","Mar 30, 2020",17.15%,21.85%,4.40%,47.13%,14.76B,34.17,5.70%,6.39B,3.69B,2.53B,5.83,8.90%,1.71B,3.97,2.46B,44.88,1.03,12.77,2.98B,2.44B
gpc,1.11,-18.35%,5.66%,108.58,49.68,86.88,84.72,883.12k,560.93k,144.26M,141.29M,2.76%,80.93%,3.12M,3.6,2.88%,2.16%,2.88M,3.16,3.74%,3.08,3.64%,2.92,75.24%,"Jun 30, 2020","Jun 03, 2020",3:2,"Apr 14, 1997","Dec 30, 2019","Mar 30, 2020",3.11%,5.59%,4.71%,17.08%,19.22B,132.06,-3.70%,6.32B,1.35B,597.37M,4.09,-14.80%,354.47M,2.46,4.49B,131.06,1.22,23.59,904.34M,891.4M
fast,1.18,40.25%,5.66%,44.79,26.72,41.96,37.08,4.34M,4.71M,572.82M,570.63M,0.33%,85.44%,19.21M,4.44,3.83%,3.35%,24.92M,1,2.32%,0.90,2.10%,2.63,65.11%,"May 25, 2020","Apr 26, 2020",2:1,"May 22, 2019","Dec 30, 2019","Mar 30, 2020",14.83%,19.77%,17.56%,31.64%,5.39B,9.40,4.40%,2.52B,1.22B,799.4M,1.39,4.40%,160.7M,0.28,699.1M,26.32,4.25,4.64,878.9M,495.26M
ilmn,0.99,22.48%,5.66%,384.21,196.78,362.36,313.17,966.85k,799.72k,147M,146.39M,0.34%,96.21%,3.09M,2.94,2.40%,2.10%,3.04M,N/A,N/A,N/A,N/A,N/A,0.00%,N/A,N/A,2:1,"Sep 22, 2008","Dec 28, 2019","Mar 28, 2020",26.49%,28.49%,8.64%,21.48%,3.56B,24.19,1.50%,2.5B,1.2B,942M,6.34,-25.80%,3.33B,22.67,1.89B,40.84,4.10,31.53,1.13B,708.12M
ulta,1.46,-44.90%,5.66%,368.83,124.05,221.63,231.06,1.24M,1.11M,56.31M,54.07M,4.41%,92.86%,2.72M,2.06,5.70%,4.84%,2.84M,N/A,N/A,N/A,N/A,N/A,0.00%,"May 14, 2012","Mar 15, 2012",N/A,N/A,"Jan 31, 2020","May 01, 2020",6.37%,8.52%,7.06%,23.55%,6.83B,119.19,-32.70%,3B,881.1M,435.22M,7.57,N/A,1.15B,20.49,2.79B,159.00,2.49,31.15,805.3M,363.86M
tdg,1.50,-15.55%,5.66%,673.51,200.06,446.06,462.46,705.81k,503.55k,54.07M,53.5M,1.07%,100.88%,3.23M,4.12,8.01%,5.98%,3.47M,N/A,N/A,N/A,N/A,N/A,0.00%,"Jan 06, 2020","Dec 26, 2019",N/A,N/A,"Sep 29, 2019","Mar 27, 2020",18.67%,39.06%,8.47%,N/A,5.97B,105.08,23.50%,2.9B,2.62B,726.32M,14.83,57.90%,2.67B,49.34,19.04B,N/A,3.14,-77.89,1.16B,1.76B
ipg,1.06,-28.43%,5.66%,25.20,11.63,17.51,18.82,5.16M,3.64M,389.61M,386.68M,0.65%,104.02%,18.69M,3.65,7.42%,4.80%,22.85M,1.02,6.22%,0.96,5.86%,3.32,56.14%,"Jun 14, 2020","May 28, 2020",2:1,"Jul 15, 1999","Dec 30, 2019","Mar 30, 2020",7.78%,12.90%,4.26%,26.15%,8.59B,22.21,-1.60%,1.81B,1.39B,668.7M,1.70,N/A,1.55B,3.99,5.87B,214.93,0.97,6.50,1.35B,1.04B
wdc,1.60,-22.57%,5.66%,72.00,27.40,43.95,50.59,5.92M,3.94M,299.7M,298.42M,0.36%,86.43%,10.59M,1.91,3.96%,3.53%,9.96M,N/A,N/A,2.00,4.73%,3.38,N/A,"Apr 16, 2020","Apr 01, 2020",2:1,"Jun 03, 1997","Jun 27, 2019","Apr 02, 2020",-3.70%,-1.60%,-0.62%,-6.12%,16.08B,54.11,13.60%,3.75B,1.34B,-595M,-2.01,N/A,2.94B,9.82,9.88B,106.86,1.91,30.81,821M,721.88M
emn,1.67,-9.71%,5.66%,83.99,34.44,70.42,64.38,1.34M,1.03M,135.89M,134.94M,0.62%,84.05%,2.61M,1.87,2.16%,1.92%,3.36M,2.64,3.86%,2.56,3.75%,2.72,43.54%,"Jul 09, 2020","Jun 11, 2020",2:1,"Oct 03, 2011","Dec 30, 2019","Mar 30, 2020",8.85%,14.07%,4.89%,13.43%,9.13B,66.84,-5.80%,2.23B,1.88B,808M,5.87,23.40%,697M,5.13,6.48B,104.67,1.66,45.03,1.68B,1.05B
acn,1.06,12.77%,5.66%,220.86,137.15,207.84,192.84,2.35M,1.77M,636.2M,635.09M,0.19%,74.68%,6.87M,3.08,1.08%,1.08%,7.79M,3.2,1.46%,3.20,1.46%,1.74,31.41%,"Aug 13, 2020","Jul 14, 2020",10:1,"Dec 29, 2011","Aug 30, 2019","May 30, 2020",11.11%,14.68%,12.93%,32.82%,44.55B,69.98,-1.00%,13.31B,7.22B,4.95B,7.64,-1.70%,6.45B,10.13,3.51B,21.31,1.37,25.18,7.18B,5.76B
pnw,0.32,-16.54%,5.66%,105.51,60.05,76.03,82.90,1.2M,885.28k,112.49M,112.16M,0.43%,87.19%,2.61M,1.9,3.06%,2.32%,2.88M,3.13,4.10%,3.04,3.99%,3.35,62.30%,"Aug 31, 2020","Jul 30, 2020",10:1,"Apr 27, 2011","Dec 30, 2019","Mar 30, 2020",16.22%,20.16%,2.35%,10.38%,3.39B,30.16,-10.60%,1.49B,1.35B,550.4M,4.88,67.40%,63.14M,0.56,6.11B,109.17,0.47,48.62,966.92M,-381.18M
itw,1.17,15.07%,5.66%,190.85,115.94,172.98,167.41,1.41M,1.01M,315.93M,288.86M,0.21%,82.28%,9.13M,7.19,3.09%,2.89%,9.15M,4.28,2.47%,4.21,2.43%,2.19,54.68%,"Jul 14, 2020","Jun 28, 2020",2:1,"May 25, 2006","Dec 30, 2019","Mar 30, 2020",18.06%,24.27%,14.19%,90.81%,13.78B,42.86,-9.10%,5.92B,3.76B,2.49B,7.70,-5.20%,1.43B,4.53,7.69B,336.86,2.71,7.23,2.99B,2.24B
syk,0.85,-13.43%,5.66%,226.30,124.54,188.51,190.03,1.72M,1.15M,375.38M,331.71M,7.45%,76.43%,3.16M,1.92,0.96%,0.84%,4.12M,2.3,1.29%,2.19,1.23%,1.18,38.49%,"Jul 30, 2020","Jun 28, 2020",2:1,"May 16, 2004","Dec 30, 2019","Mar 30, 2020",14.47%,22.55%,7.61%,17.45%,14.96B,39.95,2.00%,9.8B,4.16B,2.16B,5.69,19.70%,4.05B,10.78,10.9B,83.13,2.58,34.94,2.47B,1.5B
f,1.30,-41.46%,5.66%,10.56,3.96,6.25,6.57,88.63M,67.51M,3.91B,3.9B,0.18%,55.06%,123.57M,1.19,3.49%,3.11%,146.29M,N/A,N/A,0.60,10.27%,5.84,N/A,"Mar 01, 2020","Jan 28, 2020",1748175:1000000,"Aug 02, 2000","Dec 30, 2019","Mar 30, 2020",-2.06%,0.17%,0.06%,-9.33%,149.88B,37.76,-14.90%,12.88B,8.75B,-3.09B,-0.78,N/A,34.29B,8.62,168.69B,568.03,1.32,7.45,13.62B,3.74B
ph,1.67,4.55%,5.66%,215.94,93.00,183.51,172.62,1.41M,994.85k,128.22M,127.44M,0.35%,83.66%,1.79M,1.21,1.41%,1.40%,2.17M,3.52,2.00%,3.52,2.00%,1.88,34.51%,"Jun 04, 2020","May 06, 2020",3:2,"Oct 01, 2007","Jun 29, 2019","Mar 30, 2020",9.31%,14.49%,7.19%,21.50%,14.22B,110.69,0.40%,3.63B,2.56B,1.32B,10.21,-10.70%,790.15M,6.16,9.27B,146.99,1.49,49.10,1.93B,1.3B
anss,1.22,43.02%,5.66%,307.60,186.81,286.59,263.91,514.39k,357.03k,85.6M,84.84M,0.98%,101.75%,2.18M,4.52,2.87%,2.55%,2.09M,N/A,N/A,N/A,N/A,N/A,0.00%,N/A,N/A,2:1,"Jun 04, 2007","Dec 30, 2019","Mar 30, 2020",27.34%,30.48%,7.25%,13.76%,1.5B,17.74,-3.80%,1.37B,526.17M,411.13M,4.76,-46.60%,718.03M,8.39,549.34M,16.68,2.40,38.47,495.77M,359.47M
vrtx,0.94,66.95%,5.66%,306.08,165.23,282.55,251.73,1.94M,1.26M,259.28M,258.87M,0.14%,97.83%,4.21M,2.04,1.62%,1.62%,3.97M,N/A,N/A,N/A,N/A,N/A,0.00%,N/A,N/A,2:1,"Aug 23, 2000","Dec 30, 2019","Mar 30, 2020",31.35%,34.17%,13.34%,27.02%,4.82B,18.70,76.50%,1.86B,1.75B,1.51B,5.78,124.40%,4.19B,16.16,532.95M,8.25,3.54,24.94,2.06B,1.33B
hfc,1.73,-42.57%,5.66%,58.88,18.48,31.07,33.69,2.2M,1.9M,161.89M,159.76M,0.80%,87.77%,6.27M,2.87,4.37%,3.87%,6.6M,1.4,5.34%,1.36,5.19%,3.45,107.94%,"Jun 17, 2020","May 21, 2020",1:1,"Aug 21, 2013","Dec 30, 2019","Mar 30, 2020",1.26%,3.81%,3.46%,4.76%,16.99B,103.57,-12.70%,2.29B,1.03B,214.04M,1.30,N/A,909.13M,5.65,2.96B,48.49,1.92,34.78,1.52B,1.44B
fcx,2.26,16.43%,5.66%,13.64,4.82,10.86,10.04,23.08M,27.77M,1.45B,1.42B,0.70%,75.17%,46.23M,1.94,3.58%,3.18%,49.36M,0.2,3.48%,0.15,1.16%,N/A,N/A,"Feb 02, 2020","Jan 13, 2020",2:1,"Feb 01, 2011","Dec 30, 2019","Mar 30, 2020",-5.68%,-0.52%,-0.11%,-4.69%,13.41B,9.24,-26.20%,2.71B,1.56B,-766M,-0.53,N/A,1.72B,1.18,10.07B,59.39,2.34,6.10,910M,-1.2B
uhs,1.05,-32.89%,5.66%,157.79,65.20,98.47,112.97,730.75k,670.5k,77.67M,75.29M,2.39%,98.75%,1.64M,2.22,2.45%,1.93%,2.19M,N/A,N/A,0.70,0.79%,0.36,8.54%,"Mar 15, 2020","Feb 27, 2020",2:1,"Dec 15, 2009","Dec 30, 2019","Mar 30, 2020",6.34%,10.61%,6.48%,13.30%,11.4B,130.15,0.90%,4.54B,1.7B,720.84M,8.20,-39.30%,54.62M,0.64,4.15B,75.55,1.09,63.74,1.51B,710.01M
gd,N/A,N/A,N/A,193.76,100.55,151.16,153.79,1.8M,1.11M,N/A,N/A,N/A,N/A,N/A,N/A,N/A,N/A,N/A,N/A,N/A,4.16,3.01%,N/A,N/A,"Aug 06, 2020",N/A,N/A,N/A,N/A,N/A,N/A,N/A,N/A,N/A,N/A,N/A,N/A,7.06B,N/A,N/A,N/A,N/A,N/A,N/A,N/A,N/A,N/A,N/A,N/A,N/A
pnc,1.26,-27.53%,5.66%,161.79,79.41,110.69,119.98,3.21M,2.87M,424.26M,421.35M,0.23%,84.49%,5.59M,1.62,1.32%,1.32%,6.46M,4.6,4.65%,4.40,4.45%,2.45,41.01%,"Aug 04, 2020","Jul 15, 2020",2:1,"Nov 15, 1992","Dec 30, 2019","Mar 30, 2020",30.29%,36.36%,1.21%,10.35%,16.56B,37.59,-12.10%,17.05B,N/A,4.76B,10.75,-28.00%,17.22B,40.58,74.88B,N/A,N/A,106.77,5.27B,N/A
twtr,0.79,-8.48%,5.66%,45.86,20.00,33.13,31.38,22.94M,37.4M,784.63M,764.66M,3.59%,72.44%,33.76M,1.58,4.92%,4.30%,33.64M,N/A,N/A,N/A,N/A,N/A,0.00%,N/A,N/A,N/A,N/A,"Dec 30, 2019","Mar 30, 2020",36.39%,7.62%,1.34%,15.95%,3.48B,4.49,2.60%,2.32B,622M,1.27B,1.61,N/A,7.67B,9.8,4.14B,47.03,11.93,11.24,1.2B,493.57M
kr,0.38,51.45%,5.66%,36.84,20.70,32.77,30.97,11.62M,9.11M,777.93M,751.8M,5.89%,84.40%,54.88M,5.5,7.11%,7.05%,54.73M,0.72,2.20%,0.64,1.95%,1.74,23.75%,"Aug 31, 2020","Aug 12, 2020",2:1,"Jul 13, 2015","Jan 31, 2020","May 22, 2020",1.66%,2.51%,4.35%,21.96%,126.58B,159.32,11.50%,27.85B,5.95B,2.07B,2.59,57.00%,2.73B,3.5,20.64B,221.30,0.83,12.03,6.64B,4.05B
hal,2.57,-48.59%,5.66%,25.47,4.25,12.88,14.29,24.94M,13.64M,877.28M,873.37M,0.35%,83.29%,48.43M,1.95,6.22%,5.52%,50.68M,0.18,1.53%,0.72,6.11%,2.41,N/A,"Jun 23, 2020","Jun 01, 2020",2:1,"Jul 16, 2006","Dec 30, 2019","Mar 30, 2020",-10.60%,7.06%,3.78%,-27.88%,21.71B,24.77,-12.20%,2.29B,3.09B,-2.3B,-2.62,N/A,1.38B,1.58,10.85B,158.57,2.11,7.82,2.71B,1.5B
rl,1.29,-38.72%,5.66%,128.29,59.82,75.62,88.98,1.34M,767.3k,47.78M,43.39M,1.02%,103.37%,4.49M,2.82,10.73%,6.18%,5.48M,N/A,N/A,2.75,4.08%,2.22,55.22%,"Apr 09, 2020","Mar 25, 2020",N/A,N/A,"Mar 27, 2020","Mar 27, 2020",6.24%,9.77%,5.69%,12.85%,6.16B,81.26,-15.40%,3.81B,871.6M,384.3M,4.98,N/A,2.12B,29.13,3.23B,119.83,1.61,36.64,754.6M,654.71M
cprt,1.11,7.16%,5.66%,104.88,55.69,86.15,84.78,1.93M,1.2M,234.78M,206.9M,13.29%,81.49%,3.74M,2.01,1.83%,1.59%,4.44M,N/A,N/A,N/A,N/A,N/A,0.00%,N/A,N/A,2:1,"Apr 10, 2017","Jul 30, 2019","Apr 29, 2020",30.95%,36.14%,18.08%,35.28%,2.22B,9.59,-0.50%,930.74M,891.11M,687.87M,2.88,-23.50%,306.39M,1.3,516.29M,22.63,2.77,9.72,844.12M,1.99M
mktx,0.63,48.90%,5.66%,561.68,275.50,506.47,412.84,281.95k,193.83k,37.91M,36.59M,3.64%,97.89%,552.15k,1.78,1.67%,1.46%,571.18k,2.4,0.44%,2.13,0.39%,0.66,35.68%,"May 26, 2020","May 11, 2020",N/A,N/A,"Dec 30, 2019","Mar 30, 2020",40.87%,50.03%,19.86%,31.80%,555.84M,14.96,35.70%,353.48M,304.84M,227.2M,5.97,42.40%,392.13M,10.34,96.3M,12.07,5.98,21.04,346.94M,195.28M
hpe,1.31,-38.10%,5.66%,17.59,7.43,9.87,11.46,11.77M,9.14M,1.28B,1.28B,0.25%,85.65%,24.73M,1.67,2.22%,1.92%,28.42M,0.48,5.21%,0.47,5.18%,N/A,N/A,"Jun 30, 2020","Jun 08, 2020",1289:1000,"Aug 31, 2017","Oct 30, 2019","Apr 29, 2020",-0.13%,8.21%,2.66%,-0.20%,27.39B,20.93,-16.00%,9.5B,4.83B,-35M,-0.03,N/A,5.14B,4,17.83B,109.69,0.89,12.64,2.65B,877.88M
bxp,1.05,-33.85%,5.66%,147.83,71.57,92.52,109.35,1.73M,1.17M,155.37M,154.99M,0.14%,98.97%,2.65M,1.28,1.97%,1.71%,3.15M,3.92,4.61%,3.86,4.54%,2.54,65.76%,"Jul 30, 2020","Jun 28, 2020",N/A,N/A,"Dec 30, 2019","Mar 30, 2020",31.18%,35.67%,3.11%,13.24%,2.95B,19.09,3.70%,1.84B,1.73B,909.41M,5.87,396.50%,660.73M,4.25,12.49B,148.31,4.09,37.65,1.15B,854.56M
alb,1.46,8.93%,5.66%,99.40,48.89,78.03,72.56,1.3M,1.13M,106.32M,105.71M,0.51%,92.64%,13.56M,9.61,14.59%,12.75%,15.36M,1.54,2.03%,1.49,1.96%,1.65,31.18%,"Jun 30, 2020","Jun 10, 2020",2:1,"Mar 01, 2007","Dec 30, 2019","Mar 30, 2020",14.50%,20.94%,5.16%,14.58%,3.5B,32.97,-11.20%,1.26B,949.86M,506.86M,4.77,-19.70%,553.23M,5.2,3.28B,81.25,1.81,36.47,819.51M,27.42M
coo,0.90,-12.82%,5.66%,365.68,236.68,296.74,309.96,379.01k,489.4k,53.33M,48.77M,0.53%,92.91%,851.2k,2.11,2.03%,1.60%,850.18k,0.06,0.02%,0.06,0.02%,0.03,0.87%,"Feb 09, 2020","Jul 21, 2020",2:1,"Nov 24, 2002","Oct 30, 2019","Apr 29, 2020",13.50%,17.22%,4.30%,9.57%,2.54B,51.51,-19.80%,1.76B,718.4M,343.2M,6.87,-90.60%,79.8M,1.62,2.18B,60.13,1.14,73.88,552.1M,135.19M
chtr,1.03,29.73%,5.66%,549.00,345.67,527.48,499.31,1.08M,801.65k,234.2M,134.74M,27.05%,65.63%,8.87M,8.13,7.58%,4.29%,9.07M,N/A,N/A,N/A,N/A,N/A,0.00%,N/A,N/A,0:1,"May 17, 2016","Dec 30, 2019","Mar 30, 2020",3.91%,14.98%,2.95%,5.33%,46.3B,215.02,4.70%,28.68B,16.81B,1.81B,8.23,56.50%,2.91B,12.46,80.95B,220.45,0.44,126.91,12.28B,4.46B
viac,1.88,-57.04%,5.66%,53.71,10.10,22.62,24.41,12.44M,9.55M,563.11M,548.77M,4.36%,82.70%,61.43M,3.98,11.36%,9.98%,56.68M,0.96,4.34%,N/A,N/A,1.58,28.28%,"Jun 30, 2020","Jun 11, 2020",N/A,N/A,"Dec 30, 2019","Mar 30, 2020",6.81%,15.16%,7.10%,20.52%,27.38B,44.50,-6.10%,10.59B,4.57B,1.83B,N/A,-73.70%,589M,0.96,20.38B,147.76,1.22,N/A,657M,15.04B
ups,0.85,8.77%,5.66%,125.31,82.00,107.24,102.84,4.46M,2.8M,704.12M,703.76M,0.01%,71.23%,18.64M,4.32,2.65%,2.16%,17.01M,4.04,3.53%,3.89,3.40%,3.13,78.74%,"Jun 09, 2020","May 21, 2020",N/A,N/A,"Dec 30, 2019","Mar 30, 2020",5.73%,7.03%,5.83%,126.33%,74.97B,86.82,5.10%,13.64B,7.71B,4.29B,4.94,-13.10%,9.5B,11.02,31.64B,955.12,1.22,3.83,8.91B,1.25B
ce,1.36,-19.26%,5.66%,128.88,52.70,89.39,91.80,953.73k,709.2k,118.23M,117.17M,0.80%,99.05%,2.17M,2,2.09%,1.83%,2.28M,2.48,2.95%,2.48,2.95%,1.95,40.46%,"May 06, 2020","Apr 23, 2020",N/A,N/A,"Dec 30, 2019","Mar 30, 2020",12.08%,15.06%,5.98%,23.97%,6.07B,49.81,-13.50%,1.61B,1.26B,745M,5.99,-35.30%,608M,5.14,4.4B,155.15,1.48,20.71,1.41B,754.25M
exr,0.19,-14.05%,5.66%,124.46,72.70,96.39,98.56,995.9k,679.35k,129.09M,125.81M,2.56%,103.27%,6.13M,6.45,6.82%,4.75%,5.84M,3.6,3.78%,3.60,3.78%,3.39,108.11%,"Jun 29, 2020","Jun 11, 2020",N/A,N/A,"Dec 30, 2019","Mar 30, 2020",32.27%,48.86%,4.92%,16.77%,1.34B,10.43,7.40%,979.41M,876.63M,432.7M,3.32,14.10%,93.3M,0.72,5.51B,198.58,0.61,18.58,727.6M,555.96M
regn,0.57,108.20%,5.66%,655.93,271.37,607.83,494.36,1.38M,977.55k,100.75M,106.17M,23.82%,68.35%,2.47M,1.23,3.38%,2.41%,1.78M,N/A,N/A,N/A,N/A,N/A,0.00%,N/A,N/A,N/A,N/A,"Dec 30, 2019","Mar 30, 2020",27.40%,29.63%,10.77%,21.13%,8.32B,76.03,33.20%,4.04B,2.68B,2.28B,19.91,35.50%,4B,35.95,715.2M,5.89,4.21,109.28,2.23B,1.28B
chrw,0.59,-2.72%,5.66%,91.23,56.94,79.87,74.15,1.89M,1.69M,134.61M,133.91M,0.87%,98.82%,16.2M,8.07,14.05%,12.04%,14.46M,2.04,2.52%,2.02,2.50%,2.32,56.11%,"Jun 29, 2020","Jun 03, 2020",2:1,"Oct 16, 2005","Dec 30, 2019","Mar 30, 2020",3.21%,4.39%,8.84%,30.45%,15.36B,112.67,1.40%,1.29B,758.12M,493.33M,3.60,-51.70%,294.57M,2.19,1.77B,111.54,1.44,11.79,636.99M,465.01M
ajg,0.75,7.50%,5.66%,109.46,65.09,96.90,92.50,1.26M,701.8k,189.62M,187.75M,0.97%,83.97%,2.03M,1.58,1.39%,1.07%,2.8M,1.8,1.84%,1.74,1.78%,2.54,49.15%,"Jun 18, 2020","Jun 03, 2020",2:1,"Jan 18, 2001","Dec 30, 2019","Mar 30, 2020",9.98%,11.51%,2.49%,14.35%,6.83B,36.49,-3.80%,2.28B,1.32B,681M,3.56,3.70%,352.8M,1.86,5.35B,105.59,1.07,26.52,1.32B,650.68M
flt,1.49,-13.51%,5.66%,329.85,168.51,256.53,257.19,810.7k,608.42k,83.8M,82.14M,1.84%,98.58%,3.14M,3.44,4.32%,3.74%,2.72M,N/A,N/A,N/A,N/A,N/A,0.00%,N/A,N/A,N/A,N/A,"Dec 30, 2019","Mar 30, 2020",32.37%,44.87%,6.61%,27.50%,2.69B,31.21,6.30%,2.14B,1.44B,870.03M,9.69,-14.60%,1.07B,12.78,5.26B,187.98,0.93,33.38,1.28B,763.87M
tsn,0.65,-28.42%,5.66%,94.24,42.57,61.50,67.81,3.56M,2.61M,294.31M,286.38M,2.50%,90.30%,4.57M,1.2,1.82%,1.25%,4.24M,1.68,3.02%,1.59,2.86%,1.46,29.61%,"Sep 14, 2020","Aug 30, 2020",3:2,"Feb 17, 1997","Sep 27, 2019","Mar 27, 2020",4.52%,6.79%,5.56%,14.07%,43.47B,119.92,4.30%,5.09B,4.1B,1.97B,5.37,-14.60%,439M,1.21,12.66B,86.75,1.61,39.66,2.83B,953.5M
pypl,1.19,47.56%,5.66%,183.99,82.07,164.26,126.75,8.68M,6.83M,1.17B,1.17B,0.13%,86.62%,15.17M,2.01,1.29%,1.29%,12.51M,N/A,N/A,N/A,N/A,N/A,0.00%,N/A,N/A,N/A,N/A,"Dec 30, 2019","Mar 30, 2020",10.27%,14.35%,3.26%,12.04%,18.26B,15.55,11.90%,7.99B,3.3B,1.88B,1.58,-87.40%,10.19B,8.68,8.7B,54.32,1.39,13.61,5.04B,2.66B
hpq,1.02,-20.42%,5.66%,23.93,12.54,16.70,18.06,15.34M,12.7M,1.43B,1.43B,0.19%,83.23%,16.47M,0.85,1.29%,1.15%,17.6M,0.7,4.29%,0.67,4.10%,3.25,32.98%,"Oct 06, 2020","Sep 07, 2020",2202:1000,"Nov 01, 2015","Oct 30, 2019","Apr 29, 2020",5.27%,7.67%,8.33%,N/A,57.1B,38.96,-11.20%,11.17B,5.17B,3.01B,2.04,-2.30%,4.05B,2.84,6.64B,N/A,0.78,-0.52,3.71B,2.63B
expd,0.76,4.68%,5.66%,81.64,52.55,75.68,72.61,1.34M,847.43k,166.43M,165.22M,0.65%,98.44%,3.22M,2.24,2.23%,1.93%,3.61M,1.04,1.35%,1.00,1.30%,1.38,30.30%,"Jun 14, 2020","May 28, 2020",2:1,"Jun 25, 2006","Dec 30, 2019","Mar 30, 2020",7.11%,9.16%,12.90%,27.61%,8.06B,47.36,-5.90%,1.05B,788.36M,573.04M,3.30,-12.40%,1.11B,6.68,377.39M,18.53,2.26,12.24,647.45M,486.02M
nem,0.34,57.98%,5.66%,69.13,33.00,58.58,52.45,9.45M,8.55M,802.59M,799.72M,0.38%,85.93%,14.5M,1.37,2.43%,1.81%,13.29M,1,1.59%,0.56,0.89%,0.87,11.81%,"Jun 17, 2020","Jun 02, 2020",5:4,"Apr 21, 1994","Dec 30, 2019","Mar 30, 2020",33.66%,17.91%,3.89%,21.28%,10.52B,13.09,43.20%,4.38B,4.2B,3.6B,4.41,844.80%,3.88B,4.84,6.87B,30.17,3.31,27.19,3.23B,1.71B
len,1.59,37.97%,5.66%,71.38,25.42,61.63,55.97,3.68M,3.33M,274.62M,284.31M,2.07%,98.93%,8.77M,2.17,3.67%,2.81%,10.69M,0.5,0.79%,0.33,0.52%,0.34,4.98%,"Jul 23, 2020","Jul 08, 2020",1017:1000,"Nov 08, 2017","Nov 29, 2019","May 30, 2020",9.30%,11.93%,5.73%,13.12%,22.62B,72.30,-5.00%,4.52B,2.79B,2.08B,6.64,22.80%,1.42B,4.54,8.94B,53.73,8.45,52.98,3.22B,2.29B
ebay,1.33,47.18%,5.66%,60.53,26.02,49.90,39.44,12.59M,11.22M,702.68M,665.13M,5.13%,107.16%,28.7M,2.38,4.30%,4.08%,18.4M,0.64,1.10%,0.58,0.98%,N/A,26.73%,"Jun 18, 2020","May 28, 2020",2376:1000,"Jul 19, 2015","Dec 30, 2019","Mar 30, 2020",43.49%,22.34%,7.28%,48.13%,10.76B,13.25,-1.60%,8.29B,3.07B,1.76B,5.72,558.70%,4.43B,6.32,9.19B,434.75,1.34,3.02,3.16B,3.29B
payc,1.54,26.96%,5.66%,342.00,163.42,311.33,272.40,832.83k,496.28k,58.57M,48.82M,16.17%,77.20%,2.52M,3.01,5.84%,4.30%,3M,N/A,N/A,N/A,N/A,N/A,0.00%,N/A,N/A,N/A,N/A,"Dec 30, 2019","Mar 30, 2020",25.17%,32.43%,7.23%,39.33%,780.1M,13.53,21.20%,648.34M,279.08M,196.26M,3.36,33.30%,181.83M,3.17,54.39M,9.07,1.10,10.41,225.87M,142.45M
well,0.84,-40.11%,5.66%,93.17,24.27,53.51,61.42,3.98M,2.15M,417.48M,416.67M,0.17%,93.27%,11.56M,2.61,3.59%,2.77%,12.56M,2.44,4.96%,3.22,6.54%,5.04,103.88%,"May 27, 2020","May 17, 2020",3:2,"Sep 03, 1985","Dec 30, 2019","Mar 30, 2020",24.71%,23.79%,2.39%,8.04%,5.11B,12.56,-1.10%,2.41B,2.29B,1.26B,3.08,10.60%,303.42M,0.73,14.43B,82.48,2.73,38.65,1.6B,722.4M
frt,0.93,-39.30%,5.66%,141.35,64.11,87.20,97.92,932.15k,498.03k,75.63M,74.95M,0.87%,93.61%,2.18M,2.11,3.46%,2.88%,2.54M,4.2,5.33%,4.17,5.29%,3.07,92.05%,"Jul 14, 2020","Jun 18, 2020",3:2,"Nov 05, 1985","Dec 30, 2019","Mar 30, 2020",37.34%,37.22%,3.08%,13.17%,933.38M,12.44,-0.20%,642.45M,583.67M,339.41M,4.52,-8.90%,994.69M,13.15,4.51B,163.32,3.42,30.97,475.75M,395.28M
snps,1.18,44.05%,5.66%,204.90,104.90,187.98,155.67,1.01M,730.9k,150.79M,149.81M,0.73%,91.04%,2.01M,1.8,1.52%,1.34%,1.8M,N/A,N/A,N/A,N/A,N/A,0.00%,N/A,N/A,2:1,"Sep 23, 2003","Oct 30, 2019","Apr 29, 2020",13.96%,15.94%,5.01%,11.58%,3.4B,22.61,3.00%,2.67B,691.84M,474.62M,3.07,-7.00%,856.42M,5.68,770.34M,18.00,0.95,28.33,981.45M,775.72M
pfe,0.68,-20.87%,5.66%,43.23,27.88,34.53,35.86,27.89M,26.35M,5.55B,5.55B,0.04%,72.56%,53.75M,1.75,0.97%,0.97%,52.59M,1.52,4.54%,1.46,4.36%,3.57,52.14%,"Aug 31, 2020","Jul 29, 2020",3:1,"Jun 30, 1999","Dec 30, 2019","Mar 28, 2020",31.17%,29.36%,5.78%,25.41%,50.66B,9.13,-8.30%,41.74B,20.53B,15.78B,2.80,-12.40%,10.36B,1.87,52.29B,80.03,1.02,11.71,14.02B,19.44B
tfc,1.46,-29.56%,5.66%,56.92,24.01,38.73,41.73,6.78M,4.95M,1.35B,1.34B,0.44%,72.18%,14.95M,1.96,1.11%,1.11%,17.77M,1.8,5.36%,N/A,N/A,2.93,50.58%,"May 31, 2020","May 13, 2020",2:1,"Aug 03, 1998","Dec 30, 2019","Mar 30, 2020",25.07%,36.67%,0.95%,7.23%,13.93B,14.66,72.00%,11.95B,N/A,3.26B,N/A,33.80%,46.05B,34.17,81.2B,N/A,N/A,N/A,6.89B,N/A
pm,0.78,-10.45%,5.66%,90.17,56.01,72.63,77.49,5.33M,5.41M,1.56B,1.55B,0.22%,75.22%,7.98M,1.54,0.51%,0.51%,9.03M,4.68,6.67%,4.65,6.63%,4.84,94.70%,"Jul 09, 2020","Jun 18, 2020",N/A,N/A,"Dec 30, 2019","Mar 30, 2020",25.35%,38.34%,19.17%,N/A,30.21B,19.42,6.00%,19.29B,12.55B,7.64B,4.91,34.90%,3.75B,2.41,28.37B,N/A,1.02,-8.31,9.96B,8.79B
atvi,0.61,70.52%,5.66%,81.53,44.81,74.47,65.19,8.01M,5.7M,770.48M,761.85M,1.37%,92.22%,9.36M,1.19,1.23%,1.21%,12.9M,0.41,0.51%,0.41,0.51%,0.62,0.00%,"May 05, 2020","Apr 13, 2020",2:1,"Sep 07, 2008","Dec 30, 2019","Mar 30, 2020",24.19%,27.15%,5.83%,12.68%,6.45B,8.40,-2.00%,4.4B,2.06B,1.56B,2.02,13.00%,5.98B,7.76,2.68B,20.54,2.78,16.90,1.53B,1.96B
c,1.82,-26.58%,5.66%,83.11,32.00,52.27,57.54,30.67M,22.87M,2.08B,2.08B,0.25%,81.98%,29.35M,0.86,1.41%,1.41%,31.42M,2.04,4.13%,1.98,4.00%,1.63,27.39%,"May 21, 2020","Apr 30, 2020",1:10,"May 08, 2011","Dec 30, 2019","Mar 30, 2020",27.02%,32.96%,0.83%,8.85%,63.72B,29.11,-14.10%,66.07B,N/A,16.01B,7.26,-46.50%,899.76B,432.2,624.39B,N/A,N/A,83.75,-754M,N/A
lnc,2.26,-47.63%,5.66%,67.17,16.11,39.14,41.45,2.32M,2.32M,193.22M,181.78M,0.70%,85.96%,8.26M,3.79,4.88%,4.27%,9.67M,1.6,4.89%,1.54,4.71%,2.13,45.62%,"Jul 31, 2020","Jul 08, 2020",2:1,"Jun 21, 1999","Dec 30, 2019","Mar 30, 2020",3.87%,6.78%,0.24%,4.16%,17.72B,89.35,11.60%,4.59B,1.27B,686M,3.32,-79.40%,10.22B,52.9,8.08B,48.74,4.65,85.79,-900M,-4.07B
pnr,1.31,1.05%,5.66%,47.43,22.01,38.43,37.90,1.3M,1.36M,165.72M,164.54M,0.25%,90.89%,1.51M,1.3,1.03%,0.91%,2.27M,0.76,1.98%,0.73,1.91%,2.21,32.44%,"Aug 06, 2020","Jul 22, 2020",1489:1000,"Apr 30, 2018","Dec 30, 2019","Mar 30, 2020",12.66%,15.67%,6.62%,20.30%,2.98B,17.68,3.10%,1.05B,545.6M,382M,2.23,41.70%,169.3M,1.02,1.53B,81.03,1.96,11.42,446.9M,294.86M
mar,1.60,-38.01%,5.66%,153.39,46.56,92.76,105.96,5.26M,3.65M,324.26M,275.95M,17.21%,64.41%,10.8M,1.75,4.09%,3.33%,14.03M,N/A,N/A,1.92,2.23%,1.35,68.57%,"Mar 30, 2020","Feb 26, 2020",1061:1000,"Nov 21, 2011","Dec 30, 2019","Mar 30, 2020",18.58%,35.05%,4.36%,117.37%,5B,15.19,-29.60%,4.06B,2.3B,929M,2.81,-91.70%,1.76B,5.43,13.22B,N/A,0.62,-0.06,2.05B,368.88M
fe,0.44,-5.91%,5.66%,52.52,32.00,40.68,43.83,3.72M,3.76M,541.75M,539.73M,0.26%,85.48%,6.21M,1.78,1.65%,1.15%,7.26M,1.56,3.88%,1.54,3.83%,4.08,144.34%,"May 31, 2020","May 05, 2020",1:3,"Apr 03, 2003","Dec 30, 2019","Mar 30, 2020",6.24%,12.33%,1.99%,8.34%,10.67B,19.84,-6.00%,7.69B,2.52B,574M,1.24,-76.90%,152M,0.28,21.95B,322.16,0.54,12.58,2.09B,-1.19B
has,0.95,-32.34%,5.66%,126.87,41.33,74.50,79.87,1.18M,760.75k,137.01M,127.8M,7.54%,88.62%,5.17M,4.76,5.44%,3.77%,4.49M,2.72,3.80%,2.72,3.80%,2.54,81.68%,"Aug 16, 2020","Jul 30, 2020",3:2,"Mar 15, 1999","Dec 28, 2019","Mar 28, 2020",8.33%,12.58%,5.21%,19.16%,5.09B,39.00,50.90%,2.41B,843.12M,424.09M,3.23,N/A,1.18B,8.59,5.43B,194.44,1.91,19.92,680.19M,596.68M
nclh,2.75,-67.43%,5.66%,59.78,7.03,17.99,27.67,62.09M,34.96M,256.35M,254.48M,0.81%,92.00%,44.69M,0.52,19.32%,17.43%,46.08M,N/A,N/A,N/A,N/A,N/A,0.00%,N/A,N/A,N/A,N/A,"Dec 30, 2019","Mar 30, 2020",-16.95%,12.84%,3.14%,-20.80%,6.31B,29.46,-11.20%,2.8B,1.48B,-1.07B,-4.99,N/A,1.36B,5.31,8.84B,202.14,0.57,20.39,1.24B,-831.42M
usb,1.18,-31.40%,5.66%,61.11,28.36,37.70,42.07,9.37M,6.59M,1.52B,1.5B,0.09%,77.75%,16.21M,1.62,1.08%,1.08%,16.72M,1.68,4.91%,1.63,4.76%,2.56,42.12%,"Jul 14, 2020","Jun 28, 2020",1265:1000,"Feb 26, 2001","Dec 30, 2019","Mar 30, 2020",30.80%,39.63%,1.26%,12.24%,20.73B,13.29,-8.00%,21.14B,N/A,6.06B,3.88,-31.10%,51.1B,33.93,80.35B,N/A,N/A,30.24,5.95B,N/A
zbh,1.31,-2.03%,5.66%,161.11,74.37,124.88,127.05,1.59M,1.41M,206.8M,206.53M,0.17%,94.53%,2.51M,1.66,1.22%,1.22%,2.25M,0.96,0.82%,0.96,0.82%,0.80,53.04%,"Jul 30, 2020","Jun 25, 2020",N/A,N/A,"Dec 30, 2019","Mar 30, 2020",4.84%,16.68%,3.26%,3.21%,7.79B,37.89,-9.70%,5.73B,2.31B,377M,1.82,N/A,2.45B,11.84,9.67B,81.41,1.69,57.44,1.75B,1.15B
hst,1.29,-40.21%,5.66%,18.90,7.86,11.95,13.31,13.9M,10.2M,704.96M,697.23M,1.18%,103.92%,40.38M,2.66,8.18%,5.73%,47.64M,N/A,N/A,0.80,7.61%,4.71,79.54%,"Apr 14, 2020","Mar 29, 2020",10215:10000,"Nov 03, 2009","Dec 30, 2019","Mar 30, 2020",14.21%,11.55%,2.85%,9.99%,5.14B,7.12,-24.30%,1.59B,1.25B,731M,1.01,N/A,2.8B,3.97,5.9B,82.53,12.77,10.02,1.2B,1.03B
aos,1.27,8.23%,5.66%,52.70,33.81,47.58,43.51,1.43M,928.12k,135.1M,132.13M,0.97%,104.52%,7.46M,4.48,6.33%,4.63%,9.11M,0.96,2.02%,0.92,1.93%,1.32,45.77%,"May 14, 2020","Apr 28, 2020",2:1,"Oct 05, 2016","Dec 30, 2019","Mar 30, 2020",11.54%,14.48%,8.51%,19.75%,2.88B,17.57,-14.90%,1.18B,495.5M,332.4M,2.01,-42.10%,551.7M,3.42,391.2M,24.20,2.06,10.03,488.7M,386.01M
cop,1.69,-34.56%,5.66%,67.13,20.84,43.30,45.92,8.36M,6.65M,1.07B,1.07B,0.04%,76.33%,11.82M,1.56,1.10%,1.10%,13.6M,1.68,4.38%,1.45,3.77%,2.98,45.31%,"May 31, 2020","Jul 16, 2020",1311791:1000000,"Apr 30, 2012","Dec 30, 2019","Mar 30, 2020",11.90%,19.35%,5.39%,11.50%,30.4B,27.55,-31.50%,16.18B,12.07B,3.62B,3.27,N/A,8.19B,7.64,14.97B,47.70,2.16,29.20,10.31B,2.46B
nbl,2.60,-58.57%,5.66%,27.31,2.73,9.84,12.65,11.13M,9.63M,479.7M,473.63M,1.29%,99.06%,16.72M,1.41,4.59%,3.49%,23.02M,0.08,0.93%,0.48,5.56%,1.82,N/A,"May 25, 2020","May 07, 2020",2:1,"May 28, 2013","Dec 30, 2019","Mar 30, 2020",-117.43%,-19.72%,-2.80%,-66.92%,4.4B,9.19,0.90%,2.82B,2.47B,-5.16B,-10.79,N/A,1.4B,2.91,8.94B,173.42,1.32,9.17,1.95B,53.25M
aph,1.27,-4.12%,5.66%,110.24,63.05,97.37,92.93,1.67M,1.26M,295.89M,294.23M,0.52%,99.24%,3.51M,2.03,1.60%,1.19%,3.3M,1,1.06%,0.98,1.04%,0.92,26.70%,"Jul 07, 2020","Jun 14, 2020",2:1,"Oct 09, 2014","Dec 30, 2019","Mar 30, 2020",13.90%,19.24%,8.77%,26.40%,8.13B,27.34,-4.90%,2.62B,1.86B,1.13B,3.67,-9.50%,2.38B,8.06,5.09B,114.55,2.54,14.82,1.54B,1.08B
hbi,1.55,-31.23%,5.66%,17.09,6.96,11.40,11.42,8.25M,7.06M,348.04M,344.41M,1.22%,112.02%,46.82M,4.97,15.52%,13.45%,56.92M,0.6,5.57%,0.60,5.57%,2.91,42.86%,"Jun 08, 2020","May 17, 2020",4:1,"Mar 03, 2015","Dec 27, 2019","Mar 27, 2020",7.64%,12.42%,6.58%,53.54%,6.7B,18.43,-17.10%,2.78B,961.95M,511.76M,1.41,N/A,1.08B,3.11,5.01B,573.74,2.21,2.51,914.51M,740.69M
tmus,0.30,34.98%,5.66%,111.58,63.50,103.85,90.74,7.73M,5.01M,1.24B,652.84M,44.09%,48.69%,14.95M,2.48,3.85%,1.21%,16.35M,N/A,N/A,N/A,N/A,N/A,0.00%,"Sep 14, 2016","Apr 30, 2013",1:2,"Apr 30, 2013","Dec 30, 2019","Mar 30, 2020",7.80%,14.55%,4.81%,12.73%,45.03B,52.61,0.30%,26.48B,13.29B,3.51B,4.06,4.70%,1.11B,0.9,44.32B,152.95,0.64,33.65,7.05B,1.17B
peak,0.67,-17.49%,5.66%,37.93,18.63,27.21,29.10,4.87M,3.89M,538.27M,536.78M,0.15%,96.75%,7.63M,1.34,1.93%,1.42%,10.68M,1.48,5.51%,N/A,N/A,5.66,296.00%,"May 18, 2020","May 06, 2020",1098:1000,"Oct 31, 2016","Dec 30, 2019","Mar 30, 2020",12.26%,10.74%,0.99%,3.91%,2.15B,4.35,34.20%,1.11B,943.42M,260.42M,N/A,354.00%,783.54M,1.46,6.55B,83.78,1.69,N/A,782.53M,1.08B
jnpr,0.97,-16.47%,5.66%,27.57,15.20,23.51,22.78,3.79M,2.72M,331.35M,327.37M,1.22%,96.01%,15.79M,4.96,6.61%,4.77%,14.11M,0.8,3.52%,0.77,3.39%,2.11,80.21%,"Jun 21, 2020","May 28, 2020",2:1,"Jun 15, 2000","Dec 30, 2019","Mar 30, 2020",7.53%,10.91%,3.41%,7.23%,4.44B,13.11,-0.40%,2.62B,708.4M,334.3M,0.97,-34.40%,1.93B,5.82,1.87B,42.51,1.93,13.27,641.7M,535.68M
pvh,2.06,-50.96%,5.66%,108.06,28.40,50.44,61.85,2M,1.46M,71.04M,70.42M,1.11%,108.12%,4.06M,1.65,7.55%,5.72%,4.17M,N/A,N/A,0.15,0.35%,N/A,1.34%,"Mar 30, 2020","Mar 18, 2020",2:1,"Oct 09, 1991","Feb 01, 2020","May 02, 2020",-8.56%,2.56%,1.11%,-14.87%,8.9B,121.46,-43.00%,5.4B,555.5M,-761.5M,-10.40,N/A,800.7M,11.27,5.11B,113.29,1.37,63.54,950.7M,540.01M
aiv,0.85,-27.97%,5.66%,55.68,24.53,38.64,42.61,1.29M,802.17k,148.86M,147.44M,0.84%,101.94%,2.79M,2.06,2.26%,1.87%,3.04M,1.64,4.46%,1.60,4.35%,3.23,120.61%,"May 28, 2020","May 13, 2020",1:1,"Feb 20, 2019","Dec 30, 2019","Mar 30, 2020",22.72%,16.70%,1.42%,11.41%,909.52M,6.11,-2.40%,603.88M,538.99M,201.26M,1.35,-97.50%,340.88M,2.29,4.8B,253.22,1.07,11.55,370.27M,109M
gis,0.58,19.63%,5.66%,64.31,46.59,61.61,56.77,4.04M,4.55M,609.8M,608.08M,0.18%,74.52%,17.83M,4.39,2.93%,2.92%,13.64M,1.96,3.13%,1.96,3.13%,3.54,55.06%,"Aug 02, 2020","Jul 08, 2020",2:1,"Jun 08, 2010","May 30, 2020","May 30, 2020",12.37%,17.69%,6.40%,26.30%,17.63B,28.99,20.70%,6.16B,3.71B,2.18B,3.56,9.70%,1.68B,2.75,13.92B,156.49,0.68,13.22,3.68B,2.73B
sjm,0.14,-8.61%,5.66%,125.62,91.88,107.91,109.23,1.11M,733.45k,114.11M,109.55M,4.36%,82.26%,7.56M,5.61,7.80%,6.63%,5.16M,3.52,3.40%,3.52,3.40%,2.63,51.02%,"May 31, 2020","May 13, 2020",0:1,"Jun 02, 2002","Apr 29, 2020","Apr 29, 2020",9.99%,16.56%,4.79%,9.65%,7.8B,68.43,10.00%,3B,1.74B,779.5M,6.84,216.50%,391.1M,3.43,5.78B,70.61,1.24,71.80,1.25B,1.07B
jpm,1.17,-15.48%,5.66%,141.10,76.91,98.83,108.24,24.48M,24.25M,3.05B,2.96B,0.88%,76.08%,23.5M,0.92,0.78%,0.77%,24.81M,3.6,3.94%,3.50,3.83%,2.50,39.55%,"Jul 30, 2020","Jul 01, 2020",3:2,"Jun 11, 2000","Dec 30, 2019","Mar 30, 2020",29.42%,36.09%,1.02%,11.56%,102.38B,32.29,-27.70%,110.04B,N/A,28.32B,8.90,-68.80%,1.14T,374.61,681.79B,N/A,N/A,75.89,-33.85B,N/A
avy,1.19,-2.13%,5.66%,141.09,76.96,115.12,116.53,553.46k,675.98k,83.34M,82.78M,0.68%,92.06%,882.72k,1.58,1.21%,1.06%,838.66k,2.32,2.10%,2.32,2.10%,1.96,33.57%,"Jun 16, 2020","Jun 01, 2020",2:1,"Dec 22, 1996","Dec 27, 2019","Mar 27, 2020",8.29%,11.80%,8.95%,54.01%,7.05B,84.21,-1.00%,1.9B,993.3M,584.7M,6.88,N/A,771.9M,9.26,2.82B,240.35,1.14,14.08,715.5M,466.12M
ba,1.47,-50.65%,5.66%,391.00,89.00,180.72,214.91,45.67M,40.15M,564.32M,532.8M,0.13%,66.60%,12.05M,0.23,2.14%,2.14%,17.57M,N/A,N/A,8.22,4.74%,2.54,N/A,"Mar 05, 2020","Feb 12, 2020",2:1,"Jun 08, 1997","Dec 30, 2019","Mar 30, 2020",-4.84%,-6.79%,-2.27%,N/A,70.55B,124.75,-26.20%,4.76B,-2.48B,-3.41B,-6.03,N/A,15.53B,27.51,38.93B,N/A,1.17,-17.13,-9.54B,-7.77B
cme,0.31,-20.11%,5.66%,225.36,131.80,175.25,188.24,2M,1.69M,358.58M,349.62M,1.56%,87.98%,5.73M,2.75,1.80%,1.60%,5.87M,3.4,2.05%,3.10,1.87%,1.83,46.55%,"Jun 24, 2020","Jun 08, 2020",5:1,"Jul 22, 2012","Dec 30, 2019","Mar 30, 2020",45.88%,57.40%,1.78%,9.04%,5.2B,14.55,29.10%,4.86B,3.46B,2.39B,6.66,54.20%,929.2M,2.59,4.17B,15.69,1.01,74.28,2.76B,1.9B
idxx,0.80,19.07%,5.66%,344.81,168.65,318.83,278.17,529.41k,340.12k,84.93M,83.9M,1.25%,90.70%,1.88M,3.21,2.53%,2.21%,2.13M,N/A,N/A,N/A,N/A,N/A,0.00%,N/A,N/A,2:1,"Jun 15, 2015","Dec 30, 2019","Mar 30, 2020",17.78%,23.50%,20.23%,546.43%,2.46B,28.60,8.70%,1.37B,667.29M,436.87M,5.01,8.90%,81.39M,0.96,1.27B,1170.80,0.85,1.27,452.65M,261.63M
alle,1.19,-8.35%,5.66%,139.24,77.37,102.92,109.13,716.77k,495.98k,92.22M,91.8M,0.35%,100.89%,4.35M,5.78,6.02%,4.72%,4.4M,1.28,1.27%,1.13,1.12%,0.80,33.00%,"Jun 29, 2020","Jun 14, 2020",N/A,N/A,"Dec 30, 2019","Mar 30, 2020",11.20%,20.42%,13.19%,51.52%,2.87B,30.85,3.00%,1.25B,654.3M,322M,3.43,-99.50%,245.3M,2.66,1.48B,241.53,2.02,6.63,531.6M,394.59M
orly,1.07,4.35%,5.66%,454.31,251.52,419.60,391.04,644.86k,509.98k,74.23M,72.94M,1.65%,88.04%,1.12M,1.89,1.54%,1.51%,1.31M,N/A,N/A,N/A,N/A,N/A,0.00%,N/A,N/A,2:1,"Jun 15, 2005","Dec 30, 2019","Mar 30, 2020",13.41%,18.61%,11.23%,569.53%,10.22B,134.21,2.70%,5.39B,2.18B,1.37B,17.82,-6.50%,287.07M,3.87,6.45B,5926.07,0.91,1.47,1.73B,753.03M
adsk,1.60,40.60%,5.66%,251.39,125.38,230.93,192.65,1.65M,1.16M,219.2M,218.83M,0.15%,97.69%,3.71M,1.87,1.69%,1.69%,3.73M,N/A,N/A,N/A,N/A,N/A,0.00%,N/A,"Mar 21, 2005",2:1,"Dec 20, 2004","Jan 30, 2020","Apr 29, 2020",8.91%,13.73%,5.68%,N/A,3.42B,15.59,20.40%,2.98B,561.9M,305.2M,1.36,N/A,1.47B,6.69,2.08B,N/A,0.79,-0.63,1.52B,965.79M
dd,1.48,-27.38%,5.66%,74.37,28.33,52.67,48.36,5.86M,4.56M,733.8M,731.93M,0.26%,74.25%,19.48M,2.95,2.66%,2.65%,20.59M,1.2,2.30%,1.32,2.59%,3.17,N/A,"Sep 14, 2020","Jul 29, 2020",4725:10000,"Jun 02, 2019","Dec 30, 2019","Mar 30, 2020",-3.00%,14.36%,1.48%,-1.71%,21.32B,28.68,-3.60%,7.71B,4.38B,-1.21B,-0.86,N/A,1.75B,2.38,18.13B,45.19,1.22,53.90,2.1B,13.39B
aee,0.27,-2.29%,5.66%,87.66,58.74,72.66,75.76,1.8M,1.4M,246.89M,245.48M,0.43%,77.00%,13.25M,7.17,6.16%,5.37%,13.25M,1.98,2.69%,1.94,2.63%,3.03,61.39%,"Jun 29, 2020","Jun 08, 2020",N/A,N/A,"Dec 30, 2019","Mar 30, 2020",14.15%,23.69%,2.89%,9.82%,5.54B,22.50,-7.50%,2.74B,2.33B,783M,3.16,-23.60%,42M,0.17,10.35B,125.81,0.62,32.75,2.07B,-689.25M
gild,0.71,12.12%,5.66%,85.97,60.89,75.46,72.84,16.11M,6.59M,1.25B,1.25B,0.41%,80.77%,25.22M,2.04,2.01%,2.01%,26.09M,2.72,3.64%,2.57,3.44%,2.71,65.90%,"Jun 28, 2020","Jun 10, 2020",2:1,"Jan 27, 2013","Dec 30, 2019","Mar 30, 2020",21.84%,23.12%,5.36%,22.29%,22.72B,17.94,5.10%,17.77B,6.65B,4.96B,3.90,-21.50%,21.02B,16.76,24.1B,108.65,3.04,17.60,9B,3.08B
l,0.75,-37.48%,5.66%,56.88,27.33,34.42,40.38,1.49M,920.48k,281.43M,239.53M,15.24%,68.28%,3.81M,2.48,1.60%,1.35%,3.97M,0.25,0.76%,0.25,0.76%,0.56,N/A,"Jun 08, 2020","May 25, 2020",3:1,"May 08, 2006","Dec 30, 2019","Mar 30, 2020",-0.66%,6.53%,0.73%,-2.77%,14.25B,47.98,-17.50%,6.64B,1.87B,-94M,-0.32,N/A,4.69B,16.65,12B,62.57,0.44,60.28,1.99B,1.1B
payx,0.94,-14.50%,5.66%,90.54,47.87,74.46,74.88,2.38M,2.47M,358.8M,320.17M,10.76%,70.51%,10.72M,4.55,3.35%,2.99%,12.51M,2.48,3.40%,2.48,3.40%,3.07,81.58%,"May 27, 2020","May 13, 2020",3:2,"May 22, 2000","May 30, 2019","Feb 28, 2020",26.98%,36.06%,9.33%,41.35%,4.11B,11.44,6.80%,2.59B,1.69B,1.11B,3.07,9.20%,853.8M,2.38,990.6M,35.89,1.18,7.69,1.3B,1.08B
ice,0.54,0.72%,5.66%,101.93,63.51,94.15,91.22,2.81M,2.05M,547.22M,540.3M,1.48%,94.64%,4.44M,1.48,0.82%,0.81%,6.02M,1.2,1.30%,1.12,1.22%,1.18,30.08%,"Dec 30, 2020","Sep 14, 2020",5:1,"Nov 03, 2016","Dec 30, 2019","Mar 30, 2020",38.23%,53.71%,1.58%,12.41%,5.49B,9.86,22.80%,5.2B,3.4B,2.1B,3.74,34.30%,583M,1.07,8.6B,50.38,0.99,30.91,2.52B,1.79B
cma,1.86,-49.89%,5.66%,74.05,24.28,38.72,44.82,2.48M,1.67M,139.04M,137.67M,0.99%,87.22%,5.54M,2.38,4.58%,3.99%,5.52M,2.72,8.14%,2.69,8.05%,2.47,50.75%,"Jun 30, 2020","Jun 11, 2020",3:2,"Apr 01, 1998","Dec 30, 2019","Mar 30, 2020",28.80%,38.59%,1.08%,10.72%,2.76B,18.92,-60.40%,3.27B,N/A,789M,5.37,N/A,5.47B,39.37,10.12B,N/A,N/A,53.24,1.75B,N/A
reg,0.96,-36.98%,5.66%,70.13,31.80,46.28,49.91,1.49M,917.75k,169.63M,167.23M,1.04%,105.10%,3.89M,2.35,3.15%,2.29%,3.96M,2.38,5.65%,2.35,5.58%,3.35,298.46%,"May 25, 2020","May 14, 2020",N/A,N/A,"Dec 30, 2019","Mar 30, 2020",10.66%,35.23%,2.26%,2.00%,1.16B,6.92,-1.50%,858.53M,731.91M,123.65M,0.74,N/A,733.25M,4.33,4.65B,74.05,4.90,36.65,615.59M,511.31M
hes,2.27,-27.78%,5.66%,74.11,26.06,50.69,50.32,2.79M,2.57M,307.14M,277.83M,11.14%,92.37%,12.36M,4.74,6.07%,4.02%,15.54M,1,2.24%,1.00,2.24%,1.89,N/A,"Jun 29, 2020","Jun 11, 2020",3:1,"May 31, 2006","Dec 30, 2019","Mar 30, 2020",-47.18%,1.79%,0.32%,-28.63%,6.09B,20.11,-14.40%,4.58B,2.34B,-2.87B,-9.49,N/A,2.08B,6.82,8.93B,109.19,2.19,23.59,1.85B,-1.56B
gww,0.99,14.65%,5.66%,346.60,200.61,310.21,294.75,346.19k,324.58k,53.67M,44.77M,13.72%,75.10%,1.01M,2.87,2.64%,1.90%,1.01M,5.76,1.86%,5.76,1.86%,2.06,41.05%,"May 31, 2020","May 07, 2020",2:1,"Jun 14, 1998","Dec 30, 2019","Mar 30, 2020",6.58%,11.85%,13.12%,39.12%,11.69B,215.65,7.20%,4.4B,1.6B,769M,14.02,-31.60%,1.49B,27.91,3.34B,164.58,3.28,33.85,1.16B,749M
unh,0.72,9.50%,5.66%,315.84,187.72,297.16,282.13,4.07M,2.31M,948.38M,942.3M,0.71%,89.92%,6.13M,1.32,0.65%,0.65%,5.89M,5,1.72%,4.32,1.48%,1.44,30.23%,"Jun 29, 2020","Jun 18, 2020",2:1,"May 30, 2005","Dec 30, 2019","Mar 30, 2020",5.58%,8.06%,7.08%,23.96%,246.27B,259.57,6.80%,57.6B,21.93B,13.75B,14.29,-2.50%,24.44B,25.78,51.61B,83.77,0.71,60.17,18.17B,13.68B
rmd,0.51,55.22%,5.66%,197.38,108.85,173.99,162.88,681.12k,513.55k,144.67M,143.38M,0.79%,69.62%,1.39M,2.18,1.08%,0.96%,1.91M,1.56,0.81%,1.56,0.81%,1.56,43.75%,"Jun 17, 2020","May 12, 2020",2:1,"Aug 30, 2010","Jun 29, 2019","Mar 30, 2020",17.73%,26.20%,11.00%,23.97%,2.89B,20.08,16.20%,1.54B,916.42M,512.64M,3.52,54.80%,352.86M,2.44,1.51B,66.78,2.66,15.60,613.81M,476.61M
uri,2.27,9.72%,5.66%,170.04,58.85,148.33,131.74,1.46M,877.23k,72.05M,71.71M,0.54%,97.67%,7.56M,5.03,11.93%,10.49%,8M,N/A,N/A,N/A,N/A,N/A,0.00%,N/A,N/A,N/A,N/A,"Dec 30, 2019","Mar 30, 2020",12.52%,23.91%,7.47%,33.44%,9.36B,123.14,0.40%,3.75B,2.64B,1.17B,15.37,-1.10%,513M,7.12,12.3B,338.49,1.11,50.45,3B,1.51B
otis,N/A,25.92%,5.66%,61.46,38.00,56.22,51.25,4.46M,3.16M,433.08M,433.07M,0.00%,3.55%,5.16M,1.25,1.33%,1.19%,4.47M,0.8,1.43%,N/A,N/A,N/A,0.00%,"Jun 09, 2020","May 20, 2020",N/A,N/A,"Dec 30, 2019","Mar 30, 2020",7.76%,14.25%,N/A,N/A,12.98B,29.98,-4.40%,3.83B,2.03B,1.01B,N/A,-39.60%,1.21B,2.79,6.7B,N/A,1.03,N/A,1.33B,N/A
etn,1.14,7.13%,5.66%,105.78,56.42,87.74,87.21,2.34M,1.61M,400M,398.68M,0.24%,84.77%,6.32M,2.63,1.58%,1.58%,5.24M,2.92,3.41%,2.86,3.34%,3.37,56.19%,"May 28, 2020","May 12, 2020",2:1,"Feb 28, 2011","Dec 30, 2019","Mar 30, 2020",10.19%,12.63%,5.27%,13.93%,20.87B,50.26,-9.70%,7.05B,3.5B,2.13B,5.09,-16.10%,419M,1.05,8.95B,62.65,1.75,35.61,3.22B,987.12M
jbht,1.00,37.87%,5.66%,127.76,75.29,119.04,107.07,828.59k,813.7k,105.46M,83.4M,20.67%,77.55%,3.75M,4.47,5.64%,3.56%,3.33M,1.08,0.86%,1.05,0.84%,0.96,22.53%,"May 21, 2020","May 06, 2020",2:1,"May 23, 2005","Dec 30, 2019","Mar 30, 2020",5.36%,8.08%,8.83%,22.36%,9.36B,87.74,9.10%,1.64B,1.27B,501.55M,4.66,-12.30%,48.45M,0.46,1.43B,62.77,1.54,21.64,1.1B,183.51M
lw,0.82,-5.06%,5.66%,96.32,39.06,64.72,71.20,1.58M,1.09M,146.04M,145.15M,0.82%,89.45%,7.14M,3.24,5.53%,4.89%,6.28M,0.92,1.49%,0.83,1.38%,N/A,25.46%,"Jun 04, 2020","May 06, 2020",N/A,N/A,"May 25, 2019","Feb 22, 2020",12.10%,17.15%,12.87%,446.22%,3.95B,27.00,1.10%,1B,853.6M,478.5M,3.26,-21.20%,30.1M,0.21,2.43B,898.00,1.85,1.85,672.2M,310.32M
pep,0.59,0.23%,5.66%,147.20,101.42,131.79,133.56,5.51M,4.19M,1.39B,1.38B,0.14%,73.53%,9M,1.27,0.65%,0.65%,11.69M,4.09,3.08%,3.82,2.88%,2.84,74.03%,"Jun 29, 2020","Jun 03, 2020",2:1,"May 28, 1996","Dec 27, 2019","Mar 20, 2020",10.62%,15.67%,8.32%,52.28%,68.16B,48.86,7.70%,37.18B,12.57B,7.24B,5.16,-5.30%,11.25B,8.11,41.24B,304.17,1.10,9.69,9.24B,4.67B
iqv,1.32,-9.92%,5.66%,169.14,81.79,143.15,139.80,1.23M,842.55k,190.96M,189.48M,0.79%,93.83%,2.6M,1.97,1.53%,1.36%,2.7M,N/A,N/A,N/A,N/A,N/A,0.00%,N/A,N/A,N/A,N/A,"Dec 30, 2019","Mar 30, 2020",1.93%,7.71%,2.33%,3.96%,11.16B,57.59,2.60%,3.79B,1.89B,215M,1.09,41.40%,990M,5.18,12.68B,218.60,1.10,29.02,1.47B,1.11B
tfx,1.00,5.92%,5.66%,398.65,221.27,362.47,348.74,274.91k,181.17k,46.43M,46.28M,0.30%,94.92%,746.08k,2.61,2.09%,1.61%,789k,1.36,0.38%,1.36,0.38%,0.63,11.62%,"Jun 14, 2020","May 13, 2020",2:1,"Jun 16, 1997","Dec 30, 2019","Mar 28, 2020",21.12%,19.44%,4.90%,19.54%,2.61B,56.44,2.80%,1.49B,724.4M,551.21M,11.70,220.70%,433.24M,9.33,2.49B,81.06,3.60,66.20,364.1M,227.55M
dov,1.37,-4.22%,5.66%,120.26,62.95,97.83,99.46,916.97k,639.38k,143.95M,143.03M,0.95%,88.94%,1.9M,2.14,1.51%,1.32%,1.76M,1.96,2.07%,1.95,2.06%,2.20,38.24%,"Jun 14, 2020","May 27, 2020",1238:1000,"May 08, 2018","Dec 30, 2019","Mar 30, 2020",10.59%,15.16%,7.61%,25.73%,7.07B,48.74,-4.00%,2.63B,1.34B,748.49M,5.10,66.80%,508.91M,3.54,3.46B,116.18,1.29,20.71,996.64M,829.85M
lly,0.26,50.60%,5.66%,170.75,101.36,156.62,146.13,3.69M,2.66M,956.45M,793.64M,0.15%,79.61%,6M,1.46,0.76%,0.63%,8.7M,2.96,1.78%,2.67,1.61%,2.34,44.66%,"Jun 09, 2020","May 13, 2020",2:1,"Oct 15, 1997","Dec 30, 2019","Mar 30, 2020",23.97%,28.09%,10.25%,192.05%,23.09B,25.28,15.10%,17.6B,7.63B,5.53B,6.04,-65.70%,1.8B,1.98,17.63B,551.52,1.11,3.40,4.91B,2.83B
low,1.42,27.29%,5.66%,138.25,60.00,131.80,113.23,5.53M,3.27M,755M,753.32M,0.17%,78.30%,7.33M,1.05,0.97%,0.97%,10.65M,2.2,1.62%,2.20,1.62%,1.72,37.04%,"Aug 04, 2020","Jul 20, 2020",2:1,"Jul 02, 2006","Jan 30, 2020","Apr 30, 2020",6.17%,9.66%,10.04%,184.65%,74.08B,96.62,10.90%,23.1B,8.58B,4.56B,5.94,27.80%,6.16B,8.15,26.26B,1530.13,1.20,2.27,6.61B,4.22B
odfl,1.06,78.46%,5.66%,178.91,98.58,166.92,143.60,847.27k,706k,117.95M,100.66M,12.90%,79.55%,2.99M,3.57,3.08%,2.54%,3.13M,0.6,0.34%,0.49,0.28%,N/A,9.64%,"Jun 16, 2020","Jun 01, 2020",3:2,"Mar 24, 2020","Dec 30, 2019","Mar 30, 2020",14.99%,20.06%,13.47%,21.27%,4.11B,34.27,-0.30%,1.39B,1.08B,615.37M,5.12,-0.10%,356.97M,3.03,45M,1.49,1.94,25.53,981.73M,417.48M
ntap,1.27,-29.40%,5.66%,65.38,34.66,44.02,47.53,2.4M,2.31M,221.18M,220.88M,0.31%,98.98%,13.28M,5.46,9.24%,5.99%,10.99M,1.92,4.54%,1.92,4.54%,2.31,54.55%,"Jul 28, 2020","Jul 08, 2020",2:1,"Mar 22, 2000","Apr 23, 2020","Apr 23, 2020",15.13%,17.20%,7.16%,122.97%,5.41B,23.53,-12.00%,3.62B,1.08B,819M,3.52,-50.50%,2.89B,13.02,1.81B,748.76,1.18,1.11,1.06B,913.5M
wab,1.51,-19.08%,5.66%,81.75,35.07,61.42,62.82,1.44M,1.16M,190.29M,179.63M,5.76%,103.45%,4.56M,3.67,2.84%,2.40%,5.19M,0.48,0.85%,0.48,0.85%,0.54,19.51%,"May 21, 2020","May 06, 2020",2:1,"Jun 11, 2013","Dec 30, 2019","Mar 30, 2020",5.19%,11.54%,3.25%,4.51%,8.54B,45.43,21.10%,2.5B,1.33B,441.4M,2.27,N/A,615.9M,3.24,5.02B,51.22,1.42,51.30,902.3M,831.97M
uaa,1.19,-65.39%,5.66%,27.72,7.15,9.76,12.85,8.57M,6M,188.45M,329.45M,0.33%,92.33%,24.97M,2.2,15.42%,5.50%,27.84M,N/A,N/A,N/A,N/A,N/A,0.00%,N/A,N/A,2:1,"Apr 07, 2016","Dec 30, 2019","Mar 30, 2020",-10.42%,1.72%,1.16%,-28.89%,4.99B,11.05,-22.80%,2.47B,274.52M,-520.02M,-1.15,N/A,959.32M,2.11,2.24B,144.29,1.70,3.41,232.11M,118.4M
swks,1.25,59.95%,5.66%,138.22,67.90,127.38,110.28,2.07M,1.55M,166.84M,166.08M,0.35%,84.87%,3.07M,1.43,2.08%,1.84%,3.26M,1.76,1.33%,1.70,1.28%,1.40,36.80%,"Jun 10, 2020","May 19, 2020",2:1,"Apr 19, 2000","Sep 26, 2019","Mar 26, 2020",24.35%,26.86%,11.22%,19.28%,3.26B,19.05,-5.50%,1.6B,1.24B,792.9M,4.61,-15.40%,1.07B,6.44,172.6M,4.17,6.13,24.72,1.31B,730.12M
bf-b,0.78,16.07%,5.66%,72.85,44.68,65.27,64.16,1.02M,720.02k,309.2M,357.55M,2.39%,51.74%,8.44M,7.95,2.79%,1.76%,9.39M,0.7,1.10%,0.68,1.08%,1.26,39.57%,"Jun 30, 2020","Jun 04, 2020",5:4,"Feb 28, 2018","Apr 29, 2020","Apr 29, 2020",24.59%,33.10%,12.76%,45.67%,3.36B,7.04,-4.70%,2.13B,1.19B,827M,1.72,-19.50%,675M,1.41,2.66B,134.43,3.71,4.13,724M,410.38M
dis,1.11,-17.73%,5.66%,153.41,79.07,117.16,118.97,17.32M,12.41M,1.81B,1.8B,0.20%,66.29%,28.63M,1.61,1.59%,1.59%,25.24M,N/A,N/A,0.88,0.75%,1.46,76.86%,"Jan 15, 2020","Dec 12, 2019",10000:9865,"Jun 12, 2007","Sep 27, 2019","Mar 27, 2020",6.88%,11.91%,2.77%,5.01%,78.21B,43.35,20.70%,27.55B,14.54B,4.83B,2.97,-91.60%,14.34B,7.94,59.56B,57.28,0.94,50.59,5.42B,7.43B
fdx,1.33,-5.54%,5.66%,178.50,88.69,140.29,135.00,2.77M,2.62M,261.25M,240.53M,7.72%,75.09%,6.25M,2.28,2.59%,2.39%,5.85M,2.6,1.67%,2.60,1.67%,1.05,53.06%,"Jul 12, 2020","Jun 25, 2020",2:1,"May 06, 1999","May 30, 2020","May 30, 2020",1.86%,3.94%,2.67%,7.13%,69.22B,264.19,-2.50%,16.84B,6.34B,1.29B,4.90,N/A,4.88B,18.7,36.12B,197.44,1.58,70.10,5.1B,-1.35B
cmcsa,0.98,-9.41%,5.66%,47.74,31.71,39.91,40.25,20.91M,17.87M,4.55B,4.52B,0.69%,85.05%,78.6M,4.04,1.74%,1.72%,81.48M,0.92,2.34%,0.86,2.19%,1.77,34.13%,"Jul 21, 2020","Jun 29, 2020",2:1,"Feb 20, 2017","Dec 30, 2019","Mar 30, 2020",10.72%,19.13%,5.01%,14.78%,108.69B,23.86,-0.90%,74.5B,33.69B,11.65B,2.52,-39.60%,8.52B,1.87,108.74B,129.39,0.87,17.86,24.29B,13.76B
eqix,0.39,38.61%,5.66%,735.99,477.87,696.03,640.39,543.01k,347.13k,88.51M,85.46M,0.50%,96.65%,1.11M,2.03,1.44%,1.25%,968.79k,10.64,1.46%,10.04,1.38%,1.88,169.31%,"Jun 16, 2020","May 18, 2020",1:32,"Dec 30, 2002","Dec 30, 2019","Mar 30, 2020",9.13%,18.99%,2.87%,5.95%,5.56B,65.41,6.00%,2.67B,2.37B,508.16M,5.93,0.60%,1.17B,13.63,13.08B,150.87,1.25,100.89,2.09B,1.93B
cfg,1.82,-31.07%,5.66%,41.29,14.12,25.48,27.80,6.35M,4.55M,426.62M,424.36M,0.45%,100.00%,8.15M,1.3,2.19%,1.91%,9.25M,1.56,6.86%,1.43,6.29%,2.52,48.97%,"May 12, 2020","Apr 27, 2020",N/A,N/A,"Dec 30, 2019","Mar 30, 2020",24.52%,30.61%,0.82%,6.37%,5.65B,12.80,-29.70%,6.1B,N/A,1.31B,2.95,-92.30%,6.31B,14.78,17.73B,N/A,N/A,47.78,-102M,N/A
jkhy,0.61,29.20%,5.66%,195.03,123.64,179.91,165.23,562.43k,385.37k,76.62M,75.99M,0.81%,93.66%,1.76M,2.93,3.43%,2.30%,2.2M,1.72,0.94%,1.63,0.89%,1.14,42.34%,"Jun 11, 2020","May 26, 2020",2:1,"Mar 04, 2001","Jun 29, 2019","Mar 30, 2020",17.64%,22.99%,11.41%,20.16%,1.68B,21.85,12.90%,629.66M,472.83M,296.32M,3.85,24.60%,109.51M,1.43,123.02M,8.13,1.61,19.76,474.21M,223.85M
mdlz,0.62,-5.96%,5.66%,59.96,41.19,51.61,52.75,6.72M,4.83M,1.43B,1.43B,N/A,N/A,9.73M,1.37,0.69%,0.68%,11.96M,1.14,2.27%,1.12,2.22%,1.83,43.90%,"Jul 13, 2020","Jun 28, 2020",N/A,N/A,"Dec 30, 2019","Mar 30, 2020",14.25%,15.71%,4.00%,14.42%,26.04B,18.07,2.60%,10.34B,5.14B,3.71B,2.54,-17.60%,2B,1.4,20.24B,78.58,0.53,17.99,3.78B,2.65B
myl,1.54,-15.13%,5.66%,23.11,12.75,16.62,17.65,6.32M,5.2M,516.95M,513.59M,1.37%,87.96%,32.33M,4.58,8.04%,6.25%,27.66M,N/A,N/A,N/A,N/A,N/A,0.00%,N/A,"Jun 26, 2007",3:2,"Oct 08, 2003","Dec 30, 2019","Mar 30, 2020",0.54%,14.26%,3.34%,0.54%,11.62B,22.52,5.00%,4.55B,3.44B,62.6M,0.12,N/A,641.9M,1.24,12.87B,114.24,1.26,21.79,2.13B,2.42B
ge,0.96,-34.86%,5.66%,13.26,5.48,7.08,8.69,113.51M,69.08M,8.75B,8.73B,0.13%,63.61%,110.8M,0.89,1.28%,1.27%,149.79M,0.04,0.61%,0.04,0.61%,3.10,6.56%,"Jul 26, 2020","Jun 25, 2020",104:100,"Feb 25, 2019","Dec 30, 2019","Mar 30, 2020",-2.53%,6.01%,1.22%,12.59%,93.54B,10.71,-7.60%,18.81B,11.09B,5.34B,-0.32,72.80%,31.01B,3.55,88.22B,239.35,1.88,4.03,8.44B,18.07B
ben,1.31,-40.04%,5.66%,35.77,14.91,21.12,21.04,4.33M,2.89M,495.31M,269.31M,45.85%,52.24%,31.21M,7.32,11.64%,6.30%,32.31M,1.08,5.33%,1.06,5.23%,2.61,54.36%,"Jul 26, 2020","Jul 13, 2020",3:1,"Jul 25, 2013","Sep 29, 2019","Mar 30, 2020",17.29%,27.35%,6.72%,8.71%,5.68B,11.44,-6.70%,2.38B,1.61B,971.3M,1.96,-78.50%,5.84B,11.79,1.01B,9.18,4.91,20.00,-101.6M,1.21B
mtd,1.08,-0.73%,5.66%,863.53,579.40,802.23,750.20,146.36k,95.25k,23.91M,23.47M,1.83%,99.77%,666.95k,4.04,3.22%,2.79%,678.85k,N/A,N/A,N/A,N/A,N/A,0.00%,N/A,N/A,1:2,"Jun 24, 1996","Dec 30, 2019","Mar 30, 2020",18.38%,24.40%,16.45%,126.11%,2.98B,122.26,-4.50%,1.74B,781.6M,547.42M,22.13,-12.20%,323.58M,13.53,1.57B,513.66,1.77,12.82,570.17M,405.76M
ntrs,1.09,-10.65%,5.66%,110.48,60.67,81.77,85.70,1.4M,1.21M,208.05M,204.97M,0.63%,86.08%,5.74M,4.38,3.00%,2.76%,5.43M,2.8,3.66%,2.70,3.53%,2.08,40.30%,"Jun 30, 2020","Jun 10, 2020",2:1,"Dec 09, 1999","Dec 30, 2019","Mar 30, 2020",24.55%,31.84%,1.06%,14.01%,6.13B,28.91,3.10%,6.09B,N/A,1.43B,6.70,3.90%,17.44B,83.85,15.56B,N/A,N/A,48.04,-387M,N/A
bmy,0.71,29.96%,5.66%,68.34,42.48,58.81,60.50,15.69M,10.83M,2.26B,2.26B,0.11%,79.09%,30.59M,1.88,1.35%,1.35%,34.43M,1.8,3.10%,1.72,2.96%,2.74,273.02%,"Aug 02, 2020","Jul 01, 2020",1000000:951777,"Aug 06, 2001","Dec 30, 2019","Mar 30, 2020",3.08%,24.63%,5.82%,3.00%,31.01B,16.66,82.10%,18.93B,11.58B,954M,0.51,N/A,18.32B,8.1,47.53B,95.10,1.66,22.06,10.57B,9.5B
shw,1.22,23.20%,5.66%,603.36,325.43,578.83,544.50,531.18k,423.07k,90.8M,81.45M,9.70%,81.61%,729.85k,1.23,0.89%,0.80%,1.17M,5.36,0.92%,4.73,0.82%,0.94,26.83%,"Jun 04, 2020","May 20, 2020",2:1,"Mar 30, 1997","Dec 30, 2019","Mar 30, 2020",8.98%,13.93%,7.55%,47.94%,18.01B,196.61,2.60%,8.04B,3.08B,1.62B,17.34,31.20%,238.5M,2.62,11.51B,350.10,0.94,36.11,2.41B,1.65B
cnp,0.97,-33.53%,5.66%,30.71,11.58,18.42,20.23,9.39M,7.44M,502.66M,501.21M,0.21%,88.76%,14.89M,1.41,3.37%,2.96%,20.25M,0.6,3.17%,1.15,6.08%,4.36,N/A,"Jun 10, 2020","May 19, 2020",1000:843,"Sep 30, 2002","Dec 30, 2019","Mar 30, 2020",-4.71%,13.07%,2.97%,-5.33%,12.24B,24.37,-2.80%,3.32B,2.91B,-522M,-1.39,N/A,946M,1.88,15.28B,219.25,1.03,10.40,2.03B,-1.47B
spgi,1.05,46.05%,5.66%,356.79,186.06,328.44,290.09,1.36M,984.97k,240.9M,240.42M,0.12%,86.82%,2.9M,2.27,1.21%,1.20%,3.06M,2.68,0.76%,2.38,0.67%,1.06,24.87%,"Sep 09, 2020","Aug 24, 2020",2:1,"May 17, 2005","Dec 30, 2019","Mar 30, 2020",34.02%,50.30%,21.54%,123.58%,6.91B,28.31,13.70%,4.9B,3.68B,2.35B,9.57,55.90%,1.93B,8.02,4.66B,224.49,1.24,-1.04,3.16B,2.57B
wfc,1.15,-45.47%,5.66%,54.75,22.00,27.33,34.92,49.9M,42.31M,4.1B,4.09B,0.13%,77.48%,45.16M,0.82,1.10%,1.10%,50.52M,2.04,8.49%,1.98,8.24%,3.38,69.23%,"May 31, 2020","May 06, 2020",2:1,"Aug 13, 2006","Dec 30, 2019","Mar 30, 2020",19.02%,25.02%,0.75%,7.63%,75.41B,17.61,-34.00%,82.46B,N/A,12.47B,2.89,-88.90%,356.29B,86.9,350.47B,N/A,N/A,39.67,16.05B,N/A
ccl,1.97,-65.58%,5.66%,51.94,7.80,17.65,25.46,55.92M,37.88M,599.69M,565.57M,15.44%,76.12%,122.36M,1.9,35.19%,15.64%,117.88M,N/A,N/A,2.00,13.72%,3.65,74.07%,"Mar 12, 2020","Feb 19, 2020",2:1,"Jun 14, 1998","Nov 29, 2019","Feb 28, 2020",8.94%,14.96%,4.31%,7.72%,20.94B,30.45,2.50%,7.92B,5.35B,1.87B,2.72,N/A,1.35B,1.98,14.43B,59.42,0.27,35.46,5.27B,-459.12M
klac,1.35,63.72%,5.66%,206.51,110.19,190.08,168.20,1.38M,1.13M,155.05M,154.68M,0.28%,96.45%,3.5M,2.59,2.56%,2.26%,3.82M,3.4,1.67%,3.20,1.57%,2.50,50.00%,"Jun 01, 2020","May 14, 2020",2:1,"Jan 18, 2000","Jun 29, 2019","Mar 30, 2020",18.26%,29.50%,11.46%,39.23%,5.61B,35.44,29.80%,2.7B,2.05B,1.02B,6.42,-59.30%,1.63B,10.54,3.54B,152.24,2.61,14.88,1.65B,1.31B
lh,1.38,-1.10%,5.66%,196.36,98.02,171.00,164.87,995.18k,781.12k,97.2M,96.63M,0.64%,95.73%,1.84M,2.37,2.14%,1.89%,1.7M,N/A,N/A,N/A,N/A,N/A,0.00%,N/A,"Mar 28, 1994",2:1,"May 12, 2002","Dec 30, 2019","Mar 30, 2020",2.77%,12.03%,5.08%,4.55%,11.59B,118.78,1.20%,3.25B,1.88B,321M,3.27,N/A,336M,3.46,7.12B,101.12,1.18,72.30,1.48B,990.65M
pki,1.36,6.80%,5.66%,105.70,62.91,99.62,90.83,915.78k,769.13k,111.39M,104.51M,0.81%,99.00%,2.92M,3,5.35%,2.62%,2.46M,0.28,0.27%,0.28,0.27%,0.41,13.86%,"Aug 06, 2020","Jul 15, 2020",2:1,"Jun 03, 2001","Dec 28, 2019","Apr 04, 2020",7.82%,13.38%,3.87%,8.37%,2.89B,26.02,0.60%,1.42B,610.73M,226.02M,2.02,-4.90%,195.15M,1.75,2.2B,79.72,1.84,24.79,428.84M,378.95M
ni,0.21,-19.88%,5.66%,30.67,19.56,23.61,25.79,3.22M,2.97M,382.8M,381.12M,0.38%,94.63%,6.46M,2,2.27%,1.69%,6.11M,0.84,3.66%,0.82,3.57%,3.07,168.75%,"Aug 19, 2020","Jul 29, 2020",2545:1000,"Jul 01, 2015","Dec 30, 2019","Mar 30, 2020",4.85%,27.26%,3.79%,4.16%,4.94B,13.11,-14.10%,2.34B,2.02B,184.7M,0.48,-65.50%,203.8M,0.53,10.13B,176.37,0.77,12.70,1.55B,-1.54B
axp,1.11,-27.49%,5.66%,138.13,67.00,99.50,104.18,6.38M,4.86M,804.97M,651.29M,0.10%,87.09%,10.99M,1.62,1.68%,1.36%,11.34M,1.72,1.90%,1.68,1.85%,1.52,25.45%,"Aug 09, 2020","Jun 30, 2020",10000:8753,"Oct 02, 2005","Dec 30, 2019","Mar 30, 2020",14.63%,18.55%,2.91%,25.80%,38.12B,46.51,-19.50%,27.32B,N/A,5.45B,6.63,-76.30%,37.41B,46.47,56.24B,267.72,1.80,26.09,2.87B,N/A
cbre,1.73,-16.11%,5.66%,64.75,29.17,46.61,49.27,2.27M,1.55M,335.17M,324.4M,0.84%,96.33%,8.75M,3.26,3.13%,2.61%,7.16M,N/A,N/A,N/A,N/A,N/A,0.00%,N/A,N/A,3:1,"Jun 01, 2006","Dec 30, 2019","Mar 30, 2020",5.23%,5.88%,5.96%,22.76%,24.65B,73.46,14.70%,5.21B,1.92B,1.29B,3.80,4.70%,628.45M,1.92,4.35B,70.49,1.20,18.72,1.48B,1.57B
psx,1.61,-39.55%,5.66%,119.92,40.04,74.93,76.50,3.79M,3.91M,436.68M,435.57M,0.35%,71.91%,5.85M,1.75,1.34%,1.34%,7.54M,3.6,6.10%,3.60,6.10%,3.17,537.31%,"May 31, 2020","Aug 16, 2020",N/A,N/A,"Dec 30, 2019","Mar 30, 2020",0.36%,3.46%,4.08%,2.70%,105.07B,234.89,-9.60%,11.76B,4.98B,370M,0.83,N/A,1.22B,2.8,12.96B,54.84,1.11,48.94,5.5B,335.75M
hon,1.06,-18.60%,5.66%,184.06,101.08,147.28,152.39,3.57M,2.8M,701.85M,670.85M,0.16%,78.18%,5.56M,1.48,0.79%,0.79%,7.44M,3.6,2.55%,3.44,2.43%,2.01,39.54%,"Jun 04, 2020","May 13, 2020",1032:1000,"Oct 28, 2018","Dec 30, 2019","Mar 30, 2020",17.38%,20.96%,8.20%,34.75%,36.29B,50.68,-4.70%,12.37B,8.68B,6.31B,8.70,11.70%,8.79B,12.53,16.86B,94.32,1.30,25.14,6.7B,5.49B
glw,1.10,-20.08%,5.66%,34.25,17.44,25.86,24.60,5.84M,4.56M,760.95M,758.08M,0.32%,75.62%,23.77M,3.63,3.13%,3.12%,21.31M,0.88,3.32%,0.82,3.09%,2.43,241.18%,"Jun 29, 2020","May 27, 2020",3:1,"Oct 03, 2000","Dec 30, 2019","Mar 30, 2020",3.29%,8.26%,2.07%,2.81%,11.08B,14.39,-15.00%,4.04B,2.46B,267M,0.35,N/A,2.02B,2.66,8.46B,68.87,2.18,13.04,2.31B,102.25M
abt,0.96,11.01%,5.66%,100.00,61.61,90.96,87.24,7.53M,4.08M,1.77B,1.76B,0.73%,77.18%,12.82M,1.78,0.74%,0.72%,18.12M,1.44,1.54%,1.36,1.45%,1.94,66.67%,"Aug 16, 2020","Jul 13, 2020",10000:4798,"Jan 01, 2013","Dec 30, 2019","Mar 30, 2020",11.15%,15.38%,4.59%,11.56%,32.1B,18.14,2.50%,18.71B,8.03B,3.54B,1.99,-16.10%,3.67B,2.07,18.27B,60.05,1.43,17.08,6.14B,4.59B
avb,0.83,-27.71%,5.66%,229.40,118.17,159.66,179.29,1.27M,983.67k,140.73M,139.93M,0.27%,96.54%,2.2M,1.57,2.12%,1.56%,2.88M,6.36,4.19%,6.15,4.06%,3.08,110.02%,"Jul 14, 2020","Jun 28, 2020",8:9,"Jan 06, 2013","Dec 30, 2019","Mar 30, 2020",33.13%,35.41%,2.72%,7.24%,2.37B,16.95,6.70%,1.56B,1.51B,781.59M,5.59,-1.40%,778M,5.54,8.28B,75.82,1.68,77.69,1.3B,1.07B
ms,1.49,12.09%,5.66%,57.57,27.20,47.41,44.91,13.19M,10.28M,1.58B,1.12B,24.24%,62.93%,61.73M,4.46,5.16%,3.92%,59.01M,1.4,2.95%,1.40,2.95%,2.23,28.07%,"May 14, 2020","Apr 28, 2020",2:1,"Jan 26, 2000","Dec 30, 2019","Mar 30, 2020",20.46%,32.71%,0.94%,10.11%,40.62B,25.53,-7.80%,36.73B,N/A,7.77B,4.81,-30.10%,580.46B,368.39,306.23B,351.07,1.85,49.09,47.57B,N/A
hlt,1.25,-24.15%,5.66%,115.48,44.30,78.48,85.92,4.01M,2.67M,277.26M,272.58M,1.62%,101.72%,9.33M,2.32,3.43%,3.36%,11.1M,N/A,N/A,0.60,0.81%,N/A,23.44%,"Mar 30, 2020","Feb 26, 2020",1000:2052,"Jan 03, 2017","Dec 30, 2019","Mar 30, 2020",20.78%,40.19%,5.85%,N/A,3.57B,12.60,-23.40%,2.51B,1.79B,741M,2.58,-88.60%,1.73B,6.25,10.7B,N/A,1.42,-3.30,1.15B,438.38M
ed,0.20,-18.15%,5.66%,95.10,62.03,73.66,81.95,1.98M,1.6M,334.1M,333.49M,0.16%,63.77%,5.33M,2.65,1.59%,1.59%,4.5M,3.06,4.27%,2.98,4.16%,3.56,76.74%,"Jun 14, 2020","May 11, 2020",2:1,"Jul 02, 1989","Dec 30, 2019","Mar 30, 2020",10.52%,20.90%,2.81%,7.71%,12.29B,37.11,-8.00%,6.77B,4.31B,1.29B,3.90,-11.60%,1.4B,4.18,23.73B,128.48,0.80,54.67,3.08B,-1.19B
amzn,1.32,58.34%,5.66%,3215.00,1626.03,2680.72,2212.68,4.85M,5.94M,498.78M,423.02M,15.12%,57.69%,3.6M,0.9,0.85%,0.72%,3.44M,N/A,N/A,N/A,N/A,N/A,0.00%,N/A,N/A,2:1,"Sep 01, 1999","Dec 30, 2019","Mar 30, 2020",3.56%,4.72%,4.37%,18.58%,296.27B,597.63,26.40%,114.99B,36.27B,10.56B,20.94,-28.80%,49.29B,98.83,78.15B,119.73,1.08,130.81,39.73B,26.72B
slg,1.61,-41.16%,5.66%,96.39,35.16,49.93,63.90,2.06M,1.52M,76.54M,76.16M,0.46%,108.05%,5.58M,2.1,10.26%,7.29%,6.28M,3.54,7.70%,2.88,6.26%,3.36,71.11%,"Jul 14, 2020","Jun 28, 2020",N/A,N/A,"Dec 30, 2019","Mar 30, 2020",30.20%,33.91%,1.86%,5.85%,1.17B,14.52,-15.10%,752.55M,663.38M,324.32M,4.03,141.20%,554.2M,7.24,6.72B,112.56,4.87,65.87,356.19M,478.31M
tjx,0.72,-9.56%,5.66%,64.95,32.72,53.10,53.93,9.76M,6.31M,1.2B,1.2B,0.06%,93.09%,17.81M,1.54,1.49%,1.49%,13.36M,N/A,N/A,0.69,1.38%,1.39,67.65%,"Mar 04, 2020","Feb 11, 2020",2:1,"Nov 06, 2018","Jan 31, 2020","May 01, 2020",4.57%,5.86%,5.64%,34.13%,36.85B,30.60,-52.50%,14.85B,3.03B,1.68B,1.38,N/A,4.29B,3.58,16.51B,348.30,2.20,3.96,756.82M,-996.17M
hig,0.97,-35.19%,5.66%,62.75,19.04,39.90,45.11,3.13M,1.87M,358.08M,356.37M,0.43%,93.81%,3.95M,1.11,1.25%,1.10%,4.4M,1.3,3.63%,1.23,3.42%,2.01,26.12%,"Jul 01, 2020","May 28, 2020",2:1,"Jul 15, 1998","Dec 30, 2019","Mar 30, 2020",8.33%,12.46%,2.45%,11.67%,20.75B,57.56,0.30%,7.64B,3.06B,1.71B,4.70,-56.70%,2.72B,7.59,4.44B,29.06,1.99,41.72,3.51B,5.01B
kss,1.76,-57.19%,5.66%,59.28,10.89,22.05,28.59,11.24M,9.24M,157.74M,156.01M,1.14%,100.66%,20.01M,1.41,14.44%,12.69%,21.7M,N/A,N/A,2.71,13.17%,5.03,577.45%,"Mar 31, 2020","Mar 16, 2020",2:1,"Apr 24, 2000","Jan 31, 2020","May 01, 2020",0.48%,2.08%,1.57%,1.72%,18.31B,117.97,-40.60%,7.83B,1.29B,88M,0.56,N/A,2.04B,12.93,7.69B,160.50,1.88,30.32,1.57B,741.37M
msft,0.93,53.83%,5.66%,216.38,130.78,195.10,174.53,36.19M,31.28M,7.58B,7.47B,1.42%,74.09%,42.93M,1.24,0.57%,0.57%,44.24M,2.04,0.95%,1.99,0.93%,1.89,32.33%,"Sep 09, 2020","Aug 18, 2020",2:1,"Feb 17, 2003","Jun 29, 2019","Mar 30, 2020",33.36%,37.46%,11.84%,44.20%,138.7B,18.18,14.60%,82.93B,64.09B,46.27B,6.00,22.10%,137.64B,18.15,84.02B,73.38,2.90,15.09,58.11B,36.2B
vrsk,0.71,14.40%,5.66%,176.48,116.61,168.05,157.93,932.08k,799.08k,162.26M,160.45M,1.07%,92.90%,1.41M,1.29,0.99%,0.87%,1.48M,1.08,0.62%,1.02,0.59%,N/A,34.81%,"Jun 29, 2020","Jun 11, 2020",N/A,N/A,"Dec 30, 2019","Mar 30, 2020",18.23%,32.25%,8.12%,22.92%,2.67B,16.35,10.40%,1.63B,1.09B,487.2M,2.93,27.80%,207.4M,1.28,3.33B,160.24,0.51,12.80,952.8M,844.25M
adi,1.35,6.39%,5.66%,127.39,79.08,120.07,110.54,2.33M,1.71M,368.22M,367.03M,0.33%,91.45%,4.92M,1.83,1.34%,1.34%,4.5M,2.48,2.00%,2.32,1.87%,2.22,74.92%,"Jun 08, 2020","May 27, 2020",2:1,"Mar 15, 2000","Nov 01, 2019","May 01, 2020",20.05%,26.71%,4.29%,9.53%,5.54B,15.03,-13.70%,4.01B,2.3B,1.11B,2.99,-27.20%,784.94M,2.13,6.15B,53.08,1.30,31.46,1.99B,1.55B
mchp,1.61,15.13%,5.66%,113.28,53.15,102.75,93.09,3.09M,2.96M,251.99M,239.89M,2.20%,109.96%,19.75M,4.84,10.48%,7.84%,29.29M,1.47,1.37%,1.47,1.36%,2.04,65.70%,"Jun 03, 2020","May 19, 2020",3:2,"May 08, 2002","Mar 30, 2020","Mar 30, 2020",10.82%,13.12%,2.42%,10.50%,5.27B,22.08,-0.30%,3.24B,1.91B,570.6M,2.23,-42.80%,403M,1.64,9.62B,172.26,1.35,22.77,1.54B,1.52B
cog,0.21,-25.14%,5.66%,23.94,13.06,18.93,17.61,6.2M,4.49M,398.58M,390.54M,2.05%,100.06%,12.55M,2.03,3.64%,3.15%,10.25M,0.4,2.35%,0.38,2.23%,0.91,33.33%,"May 27, 2020","May 12, 2020",2:1,"Aug 14, 2013","Dec 30, 2019","Mar 30, 2020",27.42%,35.67%,8.53%,21.04%,1.72B,4.21,-41.50%,1.33B,1.03B,472.22M,1.14,-79.50%,202.84M,0.51,1.26B,57.91,1.40,5.44,1.07B,59.91M
mlm,0.91,-6.60%,5.66%,281.82,135.08,206.79,217.12,666.19k,562.95k,62.24M,58.55M,0.65%,99.02%,2.23M,3.35,4.05%,3.58%,2.15M,2.2,1.06%,2.13,1.03%,0.89,22.49%,"Jun 29, 2020","May 28, 2020",N/A,N/A,"Dec 30, 2019","Mar 30, 2020",13.41%,19.76%,5.33%,11.58%,4.43B,71.04,1.40%,1.18B,1.25B,594.1M,9.48,-39.60%,424M,6.81,3.75B,70.68,1.70,85.16,954.9M,474.92M
ibm,1.22,-17.42%,5.66%,158.75,90.56,122.85,126.61,5.32M,4.39M,887.89M,886.44M,0.11%,58.56%,21.74M,4.33,2.45%,2.45%,21.51M,6.52,5.63%,6.48,5.60%,4.08,64.16%,"Jun 09, 2020","May 06, 2020",2:1,"May 26, 1999","Dec 30, 2019","Mar 30, 2020",11.78%,12.78%,4.30%,49.10%,76.54B,86.30,-3.40%,36.49B,16.03B,9.02B,10.10,-26.10%,11.86B,13.36,69.45B,345.06,0.96,22.52,14.49B,17.44B
gpn,1.14,-0.84%,5.66%,209.62,105.54,176.55,174.45,1.99M,1.68M,299.01M,296.99M,0.80%,91.36%,4.96M,2.9,1.91%,1.66%,5.12M,0.78,0.48%,0.60,0.36%,0.06,21.24%,"Jun 25, 2020","Jun 10, 2020",2:1,"Nov 02, 2015","Dec 30, 2019","Mar 30, 2020",7.78%,19.52%,2.47%,3.16%,5.93B,25.38,115.60%,2.89B,2.29B,461.85M,1.97,27.80%,1.8B,6.02,10.17B,36.96,1.34,91.37,1.6B,1.49B
k,0.58,22.16%,5.66%,71.05,52.66,65.80,65.07,2.27M,1.62M,342.67M,278.81M,0.69%,89.77%,11.41M,4.69,4.16%,3.33%,11.14M,2.28,3.46%,2.27,3.44%,3.18,75.92%,"Jun 14, 2020","May 28, 2020",2:1,"Aug 24, 1997","Dec 27, 2019","Mar 27, 2020",7.61%,12.86%,5.90%,33.03%,13.47B,39.50,-3.10%,4.43B,2.21B,1.02B,2.99,23.00%,1.02B,2.96,9.11B,283.56,0.77,7.80,1.5B,1.12B
syf,1.67,-37.05%,5.66%,38.18,12.15,22.93,24.51,8.93M,5.37M,583.71M,540.19M,0.37%,106.54%,14.1M,1.6,2.42%,2.42%,15.22M,0.88,4.12%,0.87,4.08%,N/A,19.55%,"May 13, 2020","Apr 30, 2020",N/A,N/A,"Dec 30, 2019","Mar 30, 2020",36.53%,51.19%,2.88%,21.93%,8.01B,12.42,-44.80%,9.13B,N/A,2.92B,4.49,-74.20%,13.7B,23.48,17.25B,N/A,N/A,19.26,8.24B,N/A
mcd,0.66,-13.69%,5.66%,221.93,124.23,188.28,190.11,3.96M,2.68M,743.56M,742.9M,0.12%,68.79%,6.39M,1.56,0.86%,0.86%,7.27M,5,2.71%,4.82,2.61%,2.60,63.17%,"Jun 14, 2020","May 28, 2020",2:1,"Mar 07, 1999","Dec 30, 2019","Mar 30, 2020",27.95%,41.37%,11.07%,N/A,20.77B,27.58,-6.20%,11.12B,10.24B,5.8B,7.64,-16.70%,5.38B,7.24,52.31B,N/A,1.89,-12.50,7.65B,4.13B
ame,1.24,-4.48%,5.66%,102.31,54.82,90.05,87.46,1.41M,956.15k,229.19M,228.38M,0.45%,89.04%,2.87M,2.1,1.41%,1.25%,3.11M,0.72,0.83%,0.60,0.70%,0.66,14.71%,"Jun 29, 2020","Jun 10, 2020",3:2,"Jul 01, 2012","Dec 30, 2019","Mar 30, 2020",18.48%,22.40%,7.29%,19.17%,5.07B,22.22,-6.60%,1.79B,1.38B,937.64M,4.08,37.40%,1.25B,5.46,3.43B,64.34,1.88,23.21,1.19B,939.57M
hrl,-0.07,16.88%,5.66%,51.53,39.01,47.87,46.66,2.4M,1.95M,538.95M,280.28M,47.97%,46.89%,26.5M,10.5,9.43%,4.92%,26.72M,0.93,1.98%,0.88,1.89%,1.77,52.06%,"Aug 16, 2020","Jul 09, 2020",2:1,"Feb 09, 2016","Oct 26, 2019","Apr 25, 2020",9.64%,11.49%,8.44%,15.34%,9.6B,17.93,3.30%,1.88B,1.29B,925.56M,1.70,-19.40%,622.91M,1.16,376.26M,6.10,1.70,11.43,1.11B,521.84M
wmb,1.82,-35.59%,5.66%,28.85,8.41,19.52,19.11,10.95M,7.87M,1.21B,1.21B,0.14%,89.92%,19.36M,1.94,1.79%,1.60%,21.28M,1.6,8.76%,1.54,8.43%,6.49,"1,283.33%","Jun 28, 2020","Jun 10, 2020",10000:8152,"Jan 02, 2012","Dec 30, 2019","Mar 30, 2020",1.71%,30.66%,3.41%,-0.35%,8.06B,6.65,-6.90%,4.7B,4.2B,150M,0.11,N/A,400M,0.33,22.48B,147.30,0.74,10.16,3.7B,548.12M
dg,0.53,32.32%,5.66%,194.84,125.00,188.65,168.50,2.45M,1.77M,251.72M,250.64M,0.19%,94.96%,2.8M,0.9,1.39%,1.11%,3.31M,1.44,0.76%,1.32,0.70%,1.06,17.10%,"Jul 20, 2020","Jul 05, 2020",N/A,N/A,"Jan 30, 2020","Apr 30, 2020",6.69%,9.10%,7.29%,28.70%,29.58B,116.11,27.60%,8.49B,3.21B,1.98B,7.71,68.90%,2.67B,10.62,12.92B,179.15,1.44,28.64,3.4B,2.14B
ftnt,1.00,71.49%,5.66%,151.95,70.20,138.19,117.49,1.73M,1.72M,161.65M,137.09M,16.66%,79.12%,5.38M,3.28,4.67%,3.33%,5.32M,N/A,N/A,N/A,N/A,N/A,0.00%,N/A,N/A,2:1,"Jun 01, 2011","Dec 30, 2019","Mar 30, 2020",16.44%,16.49%,7.27%,46.63%,2.26B,13.21,22.10%,1.65B,436.2M,371.7M,2.13,76.90%,1.4B,8.67,43.1M,8.04,1.32,3.30,926.1M,640.64M
stz,0.92,-6.88%,5.66%,212.00,104.28,178.22,172.66,1.32M,1.06M,168.02M,160.57M,9.88%,85.41%,6.4M,4.98,3.99%,3.32%,6.16M,3,1.64%,3.00,1.64%,1.12,"1,034.48%","Aug 24, 2020","Aug 09, 2020",2:1,"May 15, 2005","Feb 28, 2020","May 30, 2020",0.68%,32.81%,6.11%,0.72%,8.21B,42.76,-6.40%,4.29B,3.01B,55.7M,0.29,N/A,302.8M,1.58,12.17B,107.00,1.94,57.86,2.64B,1.49B
ato,0.31,-7.62%,5.66%,121.08,77.92,100.91,105.25,983.4k,621.22k,122.31M,120.9M,1.11%,87.74%,5.84M,5.07,6.14%,4.77%,4.86M,2.3,2.35%,2.20,2.25%,2.17,48.25%,"Jun 07, 2020","May 21, 2020",3:2,"May 16, 1994","Sep 29, 2019","Mar 30, 2020",20.02%,28.56%,3.63%,9.43%,2.78B,23.12,-10.70%,1.41B,1.2B,556.76M,4.62,11.50%,320.1M,2.62,4.76B,75.50,0.89,51.54,1.04B,-1.03B
ctl,0.99,-19.17%,5.66%,15.30,8.16,10.15,11.23,11.43M,9.08M,1.1B,991.37M,0.79%,78.27%,115.97M,9.24,12.03%,10.57%,105.39M,1,10.38%,1.00,10.38%,10.20,87.72%,"Jun 11, 2020","May 28, 2020",3:2,"Mar 31, 1999","Dec 30, 2019","Mar 30, 2020",5.45%,17.81%,3.84%,9.02%,22.2B,20.69,-3.70%,12.32B,8.76B,1.21B,1.13,N/A,1.56B,1.42,36.34B,273.43,0.82,12.11,6.8B,2.81B
nee,0.22,24.30%,5.66%,283.35,174.80,248.65,245.52,2.34M,1.87M,489.45M,488.22M,0.18%,81.04%,6.05M,2.51,1.24%,1.24%,6.58M,5.6,2.22%,5.15,2.04%,2.54,71.43%,"Jun 14, 2020","May 31, 2020",2:1,"Mar 15, 2005","Dec 30, 2019","Mar 30, 2020",17.78%,30.76%,3.31%,7.82%,19.74B,40.73,13.20%,11.29B,10.61B,3.51B,7.20,-38.10%,3.34B,6.81,47.21B,114.82,0.71,74.38,8.45B,-6.17B
lrcx,1.36,76.38%,5.66%,344.32,181.38,303.40,283.23,2.16M,1.41M,145.16M,144.56M,0.32%,89.83%,4.38M,2.06,3.02%,3.02%,4.16M,4.6,1.37%,4.55,1.36%,1.49,32.76%,"Jul 07, 2020","Jun 15, 2020",3:1,"Mar 16, 2000","Jun 29, 2019","Mar 28, 2020",21.81%,26.37%,12.27%,42.67%,9.61B,66.05,2.60%,4.36B,2.8B,2.1B,13.89,5.00%,5.39B,37.15,5.29B,116.53,4.47,31.26,2.19B,1.14B
ipgp,1.71,19.63%,5.66%,170.03,98.04,160.31,138.15,372.83k,222.32k,53.03M,36.92M,33.81%,68.32%,1.46M,3.87,5.18%,2.76%,1.79M,N/A,N/A,N/A,N/A,N/A,0.00%,"Dec 27, 2012","Dec 18, 2012",N/A,N/A,"Dec 30, 2019","Mar 30, 2020",12.93%,19.71%,5.80%,7.01%,1.25B,23.53,-20.90%,606.21M,343.74M,161.48M,3.01,-34.00%,1.2B,22.54,45.74M,1.94,9.59,44.33,336.65M,235.16M
msi,0.66,-25.68%,5.66%,187.49,120.77,139.93,153.60,1.67M,1.59M,175.7M,169.35M,0.43%,88.33%,2.66M,1.49,2.04%,1.56%,2.32M,2.56,1.96%,2.42,1.85%,1.85,46.45%,"Jul 14, 2020","Jun 11, 2020",10000:40425,"Jan 03, 2011","Dec 30, 2019","Mar 27, 2020",11.59%,21.88%,10.41%,N/A,7.89B,46.87,-0.10%,3.95B,2.12B,914M,5.21,30.50%,1.67B,9.83,6.5B,N/A,1.15,-5.58,1.88B,1.36B
cf,1.10,-41.27%,5.66%,55.15,19.73,29.59,32.98,2.62M,2.04M,213.8M,212.53M,0.47%,97.41%,4.93M,1.96,3.04%,2.31%,4.54M,1.2,4.46%,1.20,4.46%,3.33,56.07%,"May 28, 2020","May 13, 2020",5:1,"Jun 17, 2015","Dec 30, 2019","Mar 30, 2020",10.33%,20.35%,4.57%,11.18%,4.56B,20.88,-3.00%,1.17B,1.83B,471M,2.15,-24.40%,753M,3.52,4.75B,87.90,1.20,12.76,1.49B,891.88M
cinf,0.52,-34.63%,5.66%,118.19,46.07,63.97,82.55,1.54M,1.53M,160.8M,156.54M,6.57%,64.91%,3.16M,2.02,2.44%,1.97%,3.12M,2.4,3.57%,2.28,3.39%,2.68,712.50%,"Jul 14, 2020","Jun 15, 2020",105:100,"Apr 03, 2005","Dec 30, 2019","Mar 30, 2020",1.34%,1.45%,0.22%,0.91%,5.67B,34.76,N/A,2.63B,157M,76M,0.47,N/A,486M,3.02,960M,11.94,1.11,50.01,1.18B,121.12M
eix,0.50,-21.58%,5.66%,78.93,43.63,57.43,63.29,2.95M,2.17M,377.94M,363.13M,0.06%,91.49%,5.41M,1.82,1.61%,1.49%,5.38M,2.55,4.73%,2.50,4.64%,3.23,73.10%,"Jul 30, 2020","Jul 01, 2020",2:1,"Jun 21, 1993","Dec 30, 2019","Mar 30, 2020",9.66%,20.21%,2.49%,8.41%,12.31B,35.26,-1.20%,6.74B,4.1B,1.19B,3.40,-34.20%,1.34B,3.68,21.98B,141.43,0.79,36.73,-202M,-2.41B
nvr,1.00,-5.20%,5.66%,4071.13,2043.01,3289.62,3334.50,30.64k,19.03k,3.68M,3.58M,5.53%,88.45%,37.61k,1.22,1.28%,1.02%,55.25k,N/A,N/A,N/A,N/A,N/A,0.00%,N/A,N/A,N/A,N/A,"Dec 30, 2019","Mar 30, 2020",11.83%,13.57%,17.12%,40.13%,7.32B,2002.83,-6.20%,1.5B,1.01B,865.84M,218.58,-6.70%,1.08B,293.11,682.09M,28.22,4.88,657.90,707.12M,428.74M
keys,1.09,7.28%,5.66%,110.00,77.93,102.05,96.93,1.82M,1.24M,187.04M,186.06M,0.44%,92.94%,9.42M,3.5,6.62%,5.04%,8.82M,N/A,N/A,N/A,N/A,N/A,0.00%,N/A,N/A,N/A,N/A,"Oct 30, 2019","Apr 29, 2020",14.01%,17.63%,7.14%,19.99%,4.2B,22.32,-17.90%,2.53B,1.06B,588M,3.08,-53.60%,1.84B,9.84,1.95B,63.34,3.47,16.53,1.03B,721.12M
intu,1.04,8.85%,5.66%,314.73,187.68,291.85,274.12,1.24M,1.01M,260.77M,251.78M,3.49%,89.81%,2.23M,1.65,0.88%,0.85%,2.31M,2.12,0.69%,2.06,0.67%,0.90,40.63%,"Jul 19, 2020","Jul 08, 2020",2:1,"Jul 06, 2006","Jul 30, 2019","Apr 29, 2020",19.50%,22.46%,13.11%,30.35%,6.86B,26.30,-8.30%,5.64B,1.74B,1.34B,5.07,-21.30%,3.97B,15.23,663M,13.99,1.79,18.18,2B,1.55B
disck,1.51,-39.35%,5.66%,31.20,15.43,19.83,22.69,2.46M,2.31M,340.16M,469.78M,4.72%,87.50%,6.95M,2.95,2.56%,1.37%,6.38M,N/A,N/A,N/A,N/A,N/A,0.00%,N/A,N/A,2:1,"Aug 06, 2014","Dec 30, 2019","Mar 30, 2020",18.54%,29.59%,6.25%,19.89%,11.12B,17.41,-0.90%,7.39B,4.59B,1.84B,2.51,-1.80%,1.46B,2.17,16.11B,141.25,1.61,14.05,3.19B,5.89B
ew,0.86,6.58%,5.66%,82.55,51.51,70.74,71.63,3.2M,2.29M,636M,614.68M,0.67%,89.06%,7.27M,2.16,1.16%,1.14%,7.41M,N/A,N/A,N/A,N/A,N/A,0.00%,N/A,N/A,3:1,"May 31, 2020","Dec 30, 2019","Mar 30, 2020",24.71%,28.98%,14.07%,30.15%,4.48B,7.17,13.70%,3.23B,1.39B,1.11B,1.74,24.40%,1.03B,1.66,675.2M,17.31,3.36,6.30,1.38B,702.29M
etfc,1.26,12.71%,5.66%,57.30,25.76,48.85,43.13,2.79M,2.17M,221.09M,218.4M,0.85%,95.42%,12.76M,4.74,6.53%,5.77%,13.49M,0.56,1.11%,0.56,1.14%,N/A,16.09%,"May 18, 2020","May 11, 2020",1:10,"Jun 01, 2010","Dec 30, 2019","Mar 30, 2020",29.47%,42.84%,1.25%,12.72%,2.87B,12.41,-8.60%,2.71B,N/A,806M,3.48,-37.60%,7.44B,33.95,2.11B,32.32,1.02,26.61,7.48B,N/A
ldos,1.14,6.76%,5.66%,125.84,68.00,98.07,99.11,1.1M,1.34M,142.04M,141.24M,0.65%,78.63%,2.7M,3.04,2.28%,1.90%,2.81M,1.36,1.57%,1.34,1.55%,2.15,32.60%,"Jun 29, 2020","Jun 11, 2020",405:1000,"Sep 29, 2013","Jan 02, 2020","Apr 02, 2020",5.20%,7.95%,5.57%,17.91%,11.41B,80.18,12.10%,1.55B,1.14B,593M,4.11,-39.20%,449M,3.16,4.86B,144.74,0.67,23.63,1.08B,922.75M
udr,0.60,-21.87%,5.66%,51.25,29.20,38.24,41.21,2.19M,1.29M,294.89M,291.83M,0.85%,100.18%,8.26M,3.55,5.13%,2.80%,8.29M,1.44,4.00%,1.39,3.85%,3.16,244.64%,"Jul 30, 2020","Jul 08, 2020",2:1,"May 05, 1993","Dec 30, 2019","Mar 30, 2020",13.65%,17.71%,1.52%,4.30%,1.21B,4.19,20.00%,803.91M,765.15M,161.52M,0.55,-78.70%,980k,0,5.08B,118.28,0.29,11.59,628.83M,507.72M
carr,N/A,107.42%,5.66%,26.06,11.50,22.18,18.39,10.88M,6.65M,866.16M,866.05M,0.00%,3.66%,12.63M,1.38,1.63%,1.46%,13M,0.32,1.34%,N/A,N/A,N/A,0.00%,"Jul 19, 2020","Jun 24, 2020",N/A,N/A,"Dec 30, 2019","Mar 30, 2020",9.97%,13.70%,N/A,N/A,18.17B,20.98,-10.10%,5.46B,2.82B,1.81B,N/A,-76.00%,768M,0.89,11.96B,395.08,1.34,N/A,2.23B,N/A
incy,1.04,28.71%,5.66%,110.37,62.48,100.60,87.17,1.67M,1.16M,217.37M,183.52M,0.66%,92.40%,7.79M,4.74,4.24%,3.59%,6.52M,N/A,N/A,N/A,N/A,N/A,0.00%,N/A,N/A,2:1,"Aug 31, 2000","Dec 30, 2019","Mar 30, 2020",-16.87%,-14.22%,-7.20%,-18.69%,2.23B,10.34,14.20%,890.4M,-262.56M,-376.05M,-1.75,N/A,1.3B,5.99,71.56M,3.69,3.41,8.93,-128.42M,-39.82M
pld,0.96,18.61%,5.66%,99.79,59.82,93.99,88.67,3.33M,2.75M,738.58M,736.12M,0.52%,88.99%,7.83M,2.44,1.20%,1.06%,8.19M,2.32,2.40%,2.17,2.25%,2.93,83.14%,"Jun 29, 2020","Jun 14, 2020",N/A,N/A,"Dec 30, 2019","Mar 30, 2020",45.51%,34.75%,1.75%,5.91%,3.77B,5.82,28.70%,2.61B,2.51B,1.71B,2.62,40.90%,807.98M,1.09,16.17B,43.98,3.03,43.58,2.45B,1.09B
orcl,0.86,-3.59%,5.66%,59.85,39.71,54.35,52.54,12.83M,14.15M,3.15B,1.92B,36.36%,52.78%,30.37M,2.63,1.58%,0.99%,30.34M,0.96,1.67%,0.96,1.67%,1.55,31.17%,"Jul 27, 2020","Jul 13, 2020",2:1,"Oct 12, 2000","May 30, 2020","May 30, 2020",25.94%,36.22%,7.89%,57.78%,39.07B,12.17,-6.30%,31.13B,16.33B,10.14B,3.08,-16.70%,43.06B,14.03,73.71B,579.63,3.03,3.94,13.14B,10.19B
pcar,1.16,5.23%,5.66%,83.41,49.11,74.75,70.86,1.89M,1.46M,345.73M,339.21M,2.01%,65.42%,4.28M,2.28,1.26%,1.24%,4.91M,1.28,1.72%,1.28,1.72%,1.64,21.02%,"Jun 01, 2020","May 10, 2020",3:2,"Oct 09, 2007","Dec 30, 2019","Mar 30, 2020",8.73%,11.01%,6.25%,22.60%,24.27B,69.99,-20.40%,3.86B,3.14B,2.12B,6.09,-42.90%,4.33B,12.52,11.19B,116.13,5.05,27.88,2.92B,66.5M
hum,0.87,33.74%,5.66%,412.70,208.25,387.77,357.94,970.59k,707.08k,132.21M,131.76M,0.25%,95.04%,1.4M,1.46,1.06%,1.06%,2.15M,2.5,0.65%,2.28,0.59%,0.64,11.67%,"Jul 30, 2020","Jun 28, 2020",3:2,"Jul 31, 1991","Dec 30, 2019","Mar 30, 2020",3.86%,5.12%,6.88%,22.54%,67.72B,508.21,17.60%,11.03B,3.71B,2.61B,19.52,-16.40%,17.16B,129.78,8.12B,65.75,1.65,93.45,4.86B,2.11B
txt,1.67,-41.87%,5.66%,54.24,20.26,33.47,35.04,1.76M,1.26M,227.47M,226.33M,0.45%,84.45%,5.74M,2.96,3.38%,2.52%,5.28M,0.08,0.27%,0.08,0.27%,0.18,2.70%,"Jun 30, 2020","Jun 10, 2020",2:1,"Aug 26, 2007","Jan 03, 2020","Apr 03, 2020",5.16%,7.93%,4.33%,12.74%,13.3B,57.90,-10.70%,2.2B,1.46B,686M,2.97,-72.10%,2.26B,9.95,5.31B,95.92,2.07,24.34,835M,382.75M
kmx,1.70,-0.68%,5.66%,103.18,37.59,91.10,82.02,1.89M,1.21M,163.08M,153.08M,0.42%,102.56%,14.4M,8.8,9.99%,8.85%,15.23M,N/A,N/A,N/A,N/A,N/A,0.00%,N/A,N/A,2:1,"Mar 26, 2007","Feb 28, 2020","May 30, 2020",3.25%,4.46%,2.71%,17.83%,19.3B,117.75,-37.70%,3.18B,1.08B,626.67M,3.79,-98.10%,658.02M,4.03,15.41B,430.67,2.85,21.99,969.75M,750.66M
pbct,1.25,-32.99%,5.66%,17.22,9.37,11.84,13.22,4.14M,4.21M,424.66M,415.42M,0.65%,81.01%,16.65M,3.89,5.18%,3.92%,18.6M,0.72,6.92%,0.71,6.83%,4.24,55.91%,"May 14, 2020","Apr 29, 2020",21:10,"Apr 15, 2007","Dec 30, 2019","Mar 30, 2020",28.56%,42.45%,0.99%,7.47%,1.88B,4.60,15.30%,1.81B,N/A,521.9M,1.27,13.80%,2.2B,5.25,7.43B,N/A,N/A,17.87,478.1M,N/A
sna,1.37,-16.71%,5.66%,172.61,90.72,136.86,138.04,637.35k,466.27k,54.35M,53.6M,1.36%,101.41%,6.62M,9.99,13.96%,12.18%,6.44M,4.32,3.35%,4.06,3.15%,1.94,34.58%,"Jun 09, 2020","May 19, 2020",3:2,"Sep 10, 1996","Dec 27, 2019","Mar 27, 2020",16.33%,23.18%,10.48%,20.42%,4B,72.90,-6.90%,2.09B,1.01B,652.8M,11.74,-22.90%,185.6M,3.41,1.17B,34.97,2.50,61.31,686.7M,524.66M
lnt,0.36,-1.92%,5.66%,60.28,37.66,48.87,51.63,1.42M,1.33M,249.5M,249.06M,0.18%,77.55%,4.6M,3.34,2.11%,1.84%,3.86M,1.52,3.15%,1.45,2.99%,3.06,57.80%,"May 14, 2020","Apr 28, 2020",2:1,"May 19, 2016","Dec 30, 2019","Mar 30, 2020",16.84%,21.17%,2.90%,11.38%,3.58B,14.87,-7.20%,1.46B,1.33B,602.1M,2.50,35.90%,55.2M,0.22,6.46B,113.31,0.55,22.05,639.5M,-470.11M
t,0.68,-10.62%,5.66%,39.70,26.08,30.70,33.16,37.41M,35.69M,7.13B,7.12B,0.08%,57.41%,120.58M,3.36,1.69%,1.69%,126.38M,2.08,7.04%,2.06,6.97%,5.58,105.10%,"Aug 02, 2020","Jul 08, 2020",2:1,"Mar 19, 1998","Dec 30, 2019","Mar 30, 2020",8.05%,16.08%,3.29%,7.99%,179.14B,24.58,-4.60%,97.05B,53.73B,14.38B,1.97,12.50%,10.05B,1.41,199.66B,102.15,0.76,24.95,46.48B,29.1B
syy,1.10,-28.19%,5.66%,85.98,26.00,55.70,61.14,4.92M,3.31M,507.62M,506.69M,0.24%,82.30%,13.4M,2.67,2.77%,2.64%,15.99M,1.8,3.53%,1.68,3.30%,2.41,63.40%,"Jul 23, 2020","Jun 30, 2020",2:1,"Dec 17, 2000","Jun 28, 2019","Mar 27, 2020",2.30%,3.87%,7.45%,61.46%,59.5B,116.28,-6.50%,11.41B,3.02B,1.37B,2.65,N/A,2.25B,4.44,11.5B,558.20,1.49,4.00,2.12B,1.3B
dte,0.61,-17.29%,5.66%,135.67,71.21,108.28,111.89,1.29M,1.05M,192.61M,191.26M,0.60%,75.60%,4.35M,3.36,2.94%,2.26%,4.15M,4.05,3.80%,3.91,3.67%,3.17,66.58%,"Oct 14, 2020","Sep 17, 2020",2:1,"Jan 14, 1963","Dec 30, 2019","Mar 30, 2020",9.10%,13.92%,2.66%,9.61%,12.18B,64.94,-14.00%,3.42B,2.7B,1.11B,5.89,-15.20%,552M,2.87,18.7B,155.99,0.89,61.38,2.96B,-1.15B
qrvo,1.40,58.45%,5.66%,122.36,67.54,110.40,100.71,1.49M,913.65k,114.42M,114.06M,0.47%,93.23%,3.14M,2.11,3.12%,2.74%,3.62M,N/A,N/A,N/A,N/A,N/A,0.00%,N/A,N/A,1:4,"Jan 01, 2015","Mar 27, 2020","Mar 27, 2020",10.32%,16.24%,5.32%,7.73%,3.24B,27.68,15.70%,1.36B,969.01M,334.32M,2.80,-18.10%,715.4M,6.24,1.65B,38.39,3.14,37.45,945.65M,724.3M
ctxs,0.29,49.99%,5.66%,155.10,90.28,144.33,132.02,1.83M,1.06M,123.45M,122.59M,0.95%,101.74%,4.73M,2.47,5.08%,3.83%,4.73M,1.4,0.94%,1.40,0.92%,N/A,24.69%,"Jun 18, 2020","Jun 03, 2020",12558:10000,"Jan 31, 2017","Dec 30, 2019","Mar 30, 2020",23.88%,20.62%,8.55%,448.10%,3.15B,24.41,19.70%,2.6B,774.12M,752.69M,5.70,64.20%,550.52M,4.46,1.98B,N/A,0.78,-1.78,799.75M,759.31M
ip,1.34,-17.72%,5.66%,47.64,26.38,35.34,36.59,3.2M,2.61M,393.04M,391.6M,0.24%,85.03%,9.71M,3.4,3.03%,2.47%,10.56M,2.05,6.19%,2.03,6.12%,4.06,121.99%,"Jun 14, 2020","May 25, 2020",1014:1000,"Jul 01, 2014","Dec 30, 2019","Mar 30, 2020",2.99%,10.26%,4.20%,9.11%,22.08B,56.15,-5.20%,7.11B,3.58B,660M,1.66,N/A,1.24B,3.15,10.65B,155.23,0.77,17.46,3.53B,6.15B
ste,0.77,1.20%,5.66%,168.98,105.69,155.92,151.04,616.51k,566.97k,84.95M,84.46M,1.18%,91.92%,1.24M,2.24,1.65%,1.46%,1.27M,1.48,0.98%,1.45,0.96%,1.24,30.46%,"Jun 25, 2020","Jun 10, 2020",2:1,"Aug 24, 1998","Mar 30, 2020","Mar 30, 2020",13.45%,18.09%,6.53%,12.37%,3.03B,35.75,7.10%,1.32B,745.58M,407.6M,4.76,13.40%,319.58M,3.76,1.28B,37.70,2.40,39.96,590.56M,286.6M
swk,1.54,-4.60%,5.66%,173.67,70.00,135.78,133.02,1.74M,819.9k,154.13M,153.74M,0.28%,89.32%,4.32M,2.36,2.83%,2.80%,5.74M,2.76,2.01%,2.73,1.99%,1.87,44.75%,"Jun 15, 2020","May 31, 2020",2:1,"Jun 03, 1996","Dec 27, 2019","Mar 27, 2020",6.45%,11.51%,4.62%,10.90%,14.24B,95.57,-6.10%,4.85B,2.2B,919.1M,6.09,-21.60%,987.1M,6.4,6.98B,77.93,1.06,48.36,1.53B,958.83M
mco,1.19,42.89%,5.66%,296.66,164.19,275.34,250.25,873.32k,598.37k,187.5M,186.55M,0.41%,94.57%,1.91M,1.92,1.18%,1.02%,2.12M,2.24,0.76%,2.06,0.70%,1.14,25.56%,"Jun 09, 2020","May 18, 2020",2:1,"May 18, 2005","Dec 30, 2019","Mar 30, 2020",30.88%,44.22%,13.21%,272.92%,4.98B,26.39,13.00%,3.44B,2.4B,1.54B,8.06,30.80%,2.23B,11.9,7.34B,911.92,1.70,3.10,1.65B,1.54B
frc,1.17,6.91%,5.66%,125.12,70.06,108.81,104.63,1.09M,847.23k,171.47M,169.89M,0.96%,108.04%,4.21M,3.33,2.47%,2.46%,5.14M,0.8,0.78%,0.77,0.75%,0.76,14.79%,"May 13, 2020","Apr 28, 2020",N/A,N/A,"Dec 30, 2019","Mar 30, 2020",27.50%,35.08%,0.82%,9.51%,3.35B,19.87,9.40%,3.28B,N/A,873.12M,5.14,-3.50%,3.98B,23.21,18.97B,N/A,N/A,53.76,929.82M,N/A
unp,1.06,-3.65%,5.66%,188.96,105.08,170.42,163.59,3.57M,2.63M,678.57M,677.21M,0.14%,83.46%,6.11M,1.64,0.90%,0.90%,7.94M,3.88,2.34%,3.79,2.28%,2.20,44.07%,"Jun 29, 2020","May 27, 2020",2:1,"Jun 08, 2014","Dec 30, 2019","Mar 30, 2020",27.85%,40.82%,8.90%,35.58%,21.55B,31.00,-2.90%,11.89B,11.01B,6B,8.60,6.00%,1.19B,1.75,29.54B,184.74,0.82,23.57,8.81B,3.5B
aapl,1.18,86.97%,5.66%,385.27,192.58,348.53,305.54,35.3M,28.25M,4.33B,4.33B,0.07%,62.12%,34.83M,1.09,0.80%,0.80%,33.59M,3.28,0.86%,3.08,0.80%,1.57,24.08%,"May 13, 2020","May 07, 2020",7:1,"Jun 08, 2014","Sep 27, 2019","Mar 27, 2020",21.35%,24.48%,12.38%,62.09%,267.98B,60.10,0.50%,98.39B,77.31B,57.22B,12.73,-2.70%,94.05B,21.7,118.76B,151.43,1.50,18.14,75.37B,45.04B
ctva,N/A,-5.20%,5.66%,32.78,20.38,27.38,26.83,4.4M,4.3M,748.37M,747.35M,0.16%,83.07%,10.11M,2.14,1.35%,1.35%,13.13M,0.52,2.02%,0.26,1.01%,N/A,163.05%,"Jun 14, 2020","May 13, 2020",N/A,N/A,"Dec 30, 2019","Mar 30, 2020",-5.91%,9.16%,N/A,0.39%,14.41B,19.22,16.50%,5.54B,2.34B,179M,-1.28,65.90%,1.97B,2.64,2.61B,10.84,1.60,32.47,681M,N/A
trv,0.89,-26.47%,5.66%,155.09,76.99,114.10,115.33,1.98M,1.29M,252.84M,251.92M,0.29%,84.50%,5.2M,2.2,2.06%,2.05%,4.86M,3.4,3.09%,3.28,2.98%,2.27,35.42%,"Jun 29, 2020","Jun 08, 2020",2:1,"May 11, 1998","Dec 30, 2019","Mar 30, 2020",7.63%,10.15%,1.86%,9.79%,31.82B,123.39,3.10%,7.85B,3.99B,2.41B,9.25,-24.60%,4.58B,18.1,6.93B,27.48,0.39,99.70,5.19B,9.56B
cnc,0.72,16.24%,5.66%,74.70,41.62,64.29,63.03,4.25M,2.91M,579.13M,567.84M,1.90%,81.16%,11.05M,2.94,2.16%,1.91%,9.75M,N/A,N/A,N/A,N/A,N/A,0.00%,N/A,N/A,2:1,"Feb 06, 2019","Dec 30, 2019","Mar 30, 2020",1.08%,3.06%,2.99%,4.73%,78.1B,174.97,43.20%,11.93B,3.17B,845M,1.86,-91.20%,10.69B,18.47,18.27B,77.12,1.14,40.66,-73M,1.75B
iex,1.05,-7.23%,5.66%,178.14,104.56,157.21,155.51,506.67k,279.03k,75.39M,75M,0.44%,100.14%,1.4M,2.44,2.09%,1.85%,1.41M,2,1.27%,2.00,1.27%,1.31,36.70%,"Jul 30, 2020","Jul 14, 2020",3:2,"May 21, 2007","Dec 30, 2019","Mar 30, 2020",16.92%,24.05%,9.90%,19.48%,2.47B,32.60,-4.50%,1.13B,671.52M,417.25M,5.45,-7.50%,569.22M,7.55,1.1B,49.16,3.51,29.61,524.16M,376.85M
vfc,0.97,-31.32%,5.66%,100.25,45.07,61.65,68.56,3.06M,2.06M,389.56M,359.79M,7.31%,81.29%,7.61M,2.08,2.18%,1.95%,7.8M,1.92,3.30%,1.90,3.26%,2.39,121.02%,"Jun 21, 2020","Jun 08, 2020",1062:1000,"May 22, 2019","Mar 27, 2020","Mar 27, 2020",6.48%,12.28%,7.49%,16.44%,10.49B,26.53,-14.50%,5.82B,1.56B,629.15M,1.70,N/A,1.37B,3.52,5.21B,155.22,1.66,8.64,874.53M,807.1M
ua,1.19,-64.49%,5.66%,24.55,6.37,8.77,11.49,7.67M,4.88M,231.19M,329.45M,15.29%,74.44%,25.86M,1.94,N/A,4.92%,10.73M,N/A,N/A,N/A,N/A,N/A,0.00%,N/A,N/A,1:1,"Jun 19, 2016","Dec 30, 2019","Mar 30, 2020",-10.42%,1.72%,1.16%,-28.89%,4.99B,11.05,-22.80%,2.47B,274.52M,-520.02M,-1.15,N/A,959.32M,2.11,2.24B,144.29,1.70,3.41,232.11M,118.4M
iff,1.06,-13.47%,5.66%,147.20,92.14,128.55,125.51,916.6k,853.48k,106.93M,82.4M,0.30%,104.83%,13.6M,13.77,19.20%,12.72%,14.63M,3,2.45%,2.98,2.44%,1.99,71.12%,"Jul 05, 2020","Jun 23, 2020",3:1,"Jan 19, 1994","Dec 30, 2019","Mar 30, 2020",9.09%,15.58%,3.90%,7.80%,5.19B,46.33,3.80%,2.12B,1.13B,473.99M,4.19,14.50%,433.25M,4.05,4.33B,72.90,1.98,54.56,668.68M,622.88M
whr,1.99,-5.74%,5.66%,163.64,64.00,128.78,124.02,832.99k,690.37k,62.16M,61.5M,0.45%,101.03%,7.69M,9.68,17.19%,12.37%,8.22M,4.8,3.60%,4.80,3.60%,2.85,35.42%,"Jun 14, 2020","May 13, 2020",2:1,"Jan 01, 1987","Dec 30, 2019","Mar 30, 2020",4.33%,6.37%,4.07%,22.63%,19.98B,315.20,-9.10%,3.53B,1.85B,865M,13.55,-67.70%,2.84B,45.64,7.77B,195.33,0.95,49.35,1.31B,1.58B
khc,1.02,5.22%,5.66%,34.00,19.99,31.92,28.99,6.28M,4.49M,1.22B,969.63M,0.68%,105.16%,17.36M,2.54,2.69%,1.42%,15.41M,1.6,5.10%,1.60,5.10%,3.91,102.56%,"Jun 25, 2020","May 27, 2020",N/A,N/A,"Dec 27, 2019","Mar 27, 2020",7.58%,21.08%,3.20%,3.71%,25.17B,20.61,3.30%,8.2B,6.3B,1.91B,1.56,-6.70%,5.4B,4.42,32.78B,64.12,1.48,41.74,3.46B,4.51B
zts,0.77,20.72%,5.66%,146.26,90.14,137.14,131.51,2.04M,1.24M,474.94M,474.26M,0.25%,95.03%,4.36M,2.09,0.92%,0.92%,4.46M,0.8,0.58%,0.69,0.50%,0.63,20.72%,"Aug 31, 2020","Jul 15, 2020",N/A,N/A,"Dec 30, 2019","Mar 30, 2020",25.41%,35.30%,12.48%,63.55%,6.34B,13.29,5.40%,4.37B,2.64B,1.61B,3.34,35.60%,1.96B,4.12,6.69B,242.97,2.77,5.80,1.81B,1.16B
wrb,0.82,-15.28%,5.66%,79.92,43.05,58.31,61.06,942.94k,627.9k,178.72M,140.88M,23.77%,74.13%,1.47M,1.4,1.02%,0.82%,2.02M,0.48,0.86%,0.44,0.79%,0.76,17.25%,"Jun 29, 2020","Jun 21, 2020",3:2,"Apr 02, 2019","Dec 30, 2019","Mar 30, 2020",6.39%,9.27%,1.74%,8.80%,7.78B,40.78,-6.50%,3.37B,832.17M,496.8M,2.57,N/A,1.63B,9.13,2.86B,51.56,0.40,30.55,1.22B,950.49M
sbux,0.79,-17.60%,5.66%,99.72,50.02,76.47,78.09,10.92M,7.63M,1.17B,1.13B,0.23%,70.28%,17.44M,1.59,1.49%,1.49%,20.51M,1.64,2.23%,1.59,2.16%,1.69,55.00%,"Aug 20, 2020","Aug 05, 2020",2:1,"Apr 08, 2015","Sep 28, 2019","Mar 28, 2020",12.71%,13.72%,10.13%,N/A,26.66B,22.42,-4.90%,7.49B,5.13B,3.39B,2.82,-50.50%,2.63B,2.25,22.99B,N/A,0.70,-6.45,2.75B,1.22B
mnst,1.05,9.79%,5.66%,73.43,50.06,70.22,65.06,2.32M,1.82M,526.56M,374.33M,9.91%,69.40%,6.91M,2.93,1.86%,1.31%,8.01M,N/A,N/A,N/A,N/A,N/A,0.00%,N/A,N/A,3:1,"Nov 09, 2016","Dec 30, 2019","Mar 30, 2020",26.06%,33.82%,19.14%,29.73%,4.32B,7.99,12.30%,2.52B,1.53B,1.13B,2.07,6.60%,935.35M,1.78,30.32M,0.78,2.92,7.35,1.18B,914.88M
etr,0.56,-6.38%,5.66%,135.55,75.19,98.26,107.51,1.37M,987.78k,200.16M,199.48M,0.27%,88.10%,2.02M,1.64,1.15%,1.01%,2.33M,3.72,3.86%,3.68,3.82%,4.19,66.07%,"May 31, 2020","May 05, 2020",N/A,N/A,"Dec 30, 2019","Mar 30, 2020",10.33%,17.11%,2.24%,11.24%,10.7B,54.09,-7.00%,4.27B,3.66B,1.11B,5.55,-53.40%,1.46B,7.31,21.4B,204.23,0.66,51.08,2.97B,-2.11B
ftv,1.26,-16.71%,5.66%,82.79,37.31,66.55,66.00,2.27M,1.3M,336.86M,308.27M,10.06%,85.35%,5.61M,2.37,2.22%,1.66%,6.31M,0.28,0.41%,0.28,0.42%,N/A,17.83%,"Jun 25, 2020","May 27, 2020",N/A,N/A,"Dec 30, 2019","Mar 26, 2020",8.28%,15.69%,4.48%,8.55%,7.44B,22.13,7.60%,3.7B,1.63B,534.7M,1.61,-74.50%,1.04B,3.09,6.28B,86.64,1.62,21.50,1.31B,971.5M
cmi,1.15,1.57%,5.66%,186.73,101.03,172.60,159.36,1.31M,1.08M,147.53M,146.74M,0.33%,85.49%,4.87M,3.23,3.31%,3.30%,3.68M,5.24,3.05%,5.07,2.95%,2.96,37.06%,"Jun 03, 2020","May 20, 2020",2:1,"Jan 02, 2008","Dec 30, 2019","Mar 28, 2020",9.34%,10.59%,7.49%,25.40%,22.58B,147.16,-16.50%,5.98B,3.07B,2.11B,13.68,-22.90%,2.03B,13.77,3.84B,47.83,1.40,47.94,3.15B,1.78B
xyl,1.03,-18.80%,5.66%,89.34,54.62,66.44,72.20,1.35M,1.19M,179.92M,179.07M,0.99%,94.07%,4.73M,3.83,2.98%,2.63%,5.14M,1.04,1.56%,0.98,1.47%,1.25,49.25%,"Jun 24, 2020","May 26, 2020",N/A,N/A,"Dec 30, 2019","Mar 30, 2020",7.01%,12.31%,5.25%,12.79%,5.14B,28.51,-9.20%,2.05B,889M,360M,1.99,-51.90%,739M,4.11,2.55B,90.25,1.55,15.63,754M,508.38M
mck,0.84,0.21%,5.66%,172.18,112.60,153.51,145.32,1.52M,1.07M,162.12M,161.72M,0.33%,103.44%,2.18M,1.32,1.34%,1.34%,2.52M,1.64,1.16%,1.62,1.15%,0.89,32.46%,"Jun 30, 2020","May 28, 2020",2:1,"Jan 04, 1998","Mar 30, 2020","Mar 30, 2020",0.39%,1.23%,2.94%,13.74%,231.05B,1276.53,11.60%,12.02B,3.76B,906M,4.96,N/A,4.02B,24.81,9.42B,140.37,0.99,31.43,4.37B,3.35B
mmm,0.99,-11.57%,5.66%,187.72,114.04,157.47,154.70,3.47M,1.91M,575.2M,574.51M,0.18%,69.95%,6.09M,1.4,1.06%,1.06%,8.29M,5.88,3.88%,5.79,3.82%,2.72,67.96%,"Jun 11, 2020","May 20, 2020",2:1,"Sep 29, 2003","Dec 30, 2019","Mar 30, 2020",15.37%,21.95%,10.40%,49.92%,32.35B,56.08,2.70%,15.4B,8.76B,4.97B,8.52,45.00%,4.48B,7.78,23.34B,228.64,1.65,17.64,7.23B,4.3B
d,0.43,-5.78%,5.66%,90.89,57.79,82.16,80.73,4.33M,9.81M,839.25M,836.31M,0.28%,72.79%,13.19M,3.24,1.58%,1.57%,13.87M,3.76,5.10%,3.69,5.00%,4.10,172.55%,"Jun 19, 2020","Jun 03, 2020",2:1,"Nov 19, 2007","Dec 30, 2019","Mar 30, 2020",10.27%,29.67%,3.13%,6.01%,17.21B,20.99,16.50%,7.97B,8.11B,1.74B,2.09,N/A,1.2B,1.43,41.3B,126.11,0.63,33.78,5.67B,72.25M
brk-b,0.76,-14.35%,5.66%,231.61,159.50,183.51,197.44,7.11M,5.5M,1.41B,1.34M,0.18%,68.84%,12.42M,1.71,1.04%,0.51%,12.75M,N/A,N/A,N/A,N/A,N/A,0.00%,N/A,N/A,50:1,"Jan 20, 2010","Dec 30, 2019","Mar 30, 2020",3.90%,5.72%,1.22%,2.77%,256.69B,157504.42,1.00%,105.48B,24.92B,10.01B,6142.19,N/A,137.26B,84728.78,104.23B,27.78,2.00,229292.47,37.91B,1.75B
are,0.84,10.65%,5.66%,175.74,109.22,160.82,155.28,1.02M,1.57M,126.11M,124.58M,1.31%,100.43%,4.82M,4.96,4.55%,3.82%,5.16M,4.24,2.61%,4.06,2.50%,2.89,188.84%,"Jul 14, 2020","Jun 28, 2020",1:1,"Apr 23, 2006","Dec 30, 2019","Mar 30, 2020",15.62%,27.38%,1.57%,3.09%,1.62B,14.10,21.30%,1.1B,990.41M,244.24M,2.12,-85.50%,445.26M,3.53,7.6B,69.62,3.24,74.99,738.39M,739.56M
jci,1.20,-19.01%,5.66%,44.82,22.78,33.96,34.19,5.6M,4.36M,743.86M,741.83M,0.22%,94.11%,12.46M,2.02,1.89%,1.68%,11.41M,1.04,3.12%,1.04,3.12%,2.81,75.91%,"Jul 16, 2020","Jun 18, 2020",955:1000,"Sep 05, 2016","Sep 29, 2019","Mar 30, 2020",21.80%,8.05%,2.69%,6.47%,23.74B,29.85,-5.80%,7.69B,2.73B,1.12B,6.48,-58.60%,1.01B,1.35,8.16B,42.76,1.05,24.31,1.05B,3.32B
it,1.47,-30.39%,5.66%,171.78,76.91,122.78,126.70,560.05k,472.13k,89.18M,86.21M,3.25%,101.49%,1.32M,2.56,1.73%,1.48%,1.39M,N/A,N/A,N/A,N/A,N/A,0.00%,N/A,"Jul 18, 1999",2:1,"Mar 31, 1996","Dec 30, 2019","Mar 30, 2020",6.70%,10.56%,4.19%,32.92%,4.29B,47.89,5.00%,2.69B,646.4M,287.59M,3.16,261.10%,227.85M,2.56,3.2B,359.57,0.70,9.97,585.59M,464.74M
goog,1.06,34.02%,5.66%,1543.83,1013.54,1442.30,1360.09,1.78M,1.57M,336.16M,613.28M,5.75%,70.62%,3.37M,1.9,N/A,0.49%,3.46M,N/A,N/A,N/A,N/A,N/A,0.00%,N/A,N/A,10000000:10000000,"Apr 26, 2015","Dec 30, 2019","Mar 30, 2020",20.71%,21.69%,8.71%,17.83%,166.68B,241.39,13.30%,89.96B,48.3B,34.52B,49.57,2.70%,117.23B,171.73,16.8B,8.25,3.66,297.76,53.97B,21.93B
es,0.36,9.89%,5.66%,99.42,60.69,84.03,85.20,1.83M,1.21M,342.54M,335.69M,0.35%,85.40%,9.47M,4.97,3.15%,2.77%,9.31M,2.27,2.68%,2.17,2.57%,3.00,76.23%,"Jun 29, 2020","May 18, 2020",2:1,"Apr 29, 2013","Dec 30, 2019","Mar 30, 2020",11.02%,22.53%,2.96%,7.49%,8.48B,26.12,-1.70%,4.12B,2.82B,935.13M,2.86,8.40%,47.42M,0.14,15.65B,117.12,0.75,39.27,2.05B,-1.35B
apd,0.88,20.00%,5.66%,276.86,167.43,244.50,229.96,1.1M,1.73M,220.86M,220.08M,0.25%,86.04%,2.46M,2.55,1.12%,1.12%,2.79M,5.36,1.97%,4.82,1.77%,2.34,54.65%,"Aug 09, 2020","Jun 29, 2020",1081:1000,"Oct 02, 2016","Sep 29, 2019","Mar 30, 2020",21.66%,25.29%,7.32%,17.33%,8.98B,40.66,1.30%,2.94B,3.42B,1.96B,8.75,13.40%,2.25B,10.2,3.71B,31.61,2.60,51.49,2.92B,388.02M
aiz,0.56,-10.56%,5.66%,142.61,76.27,105.02,113.15,523.06k,433.93k,59.65M,59.01M,0.84%,98.12%,2.65M,4.71,5.07%,4.45%,2.76M,2.52,2.58%,2.46,2.52%,2.11,42.78%,"Jun 15, 2020","Aug 27, 2020",N/A,N/A,"Dec 30, 2019","Mar 30, 2020",3.70%,6.28%,0.92%,6.89%,10.05B,163.60,5.30%,934.3M,761.1M,352.9M,5.71,-6.60%,2.26B,37.83,3.82B,70.95,0.60,89.89,1.04B,1.26B
abc,0.62,7.92%,5.66%,103.37,72.06,98.24,90.40,1.32M,873.5k,203.4M,146.12M,27.78%,67.90%,3.66M,2.77,2.51%,1.80%,4.15M,1.68,1.74%,1.62,1.68%,1.68,21.29%,"May 31, 2020","May 14, 2020",2:1,"Jun 15, 2009","Sep 29, 2019","Mar 30, 2020",0.85%,0.99%,2.86%,47.22%,186.16B,898.19,9.50%,4.99B,2.27B,1.58B,7.59,"3,438.90%",3.69B,18.15,4.67B,126.07,0.97,17.66,2.24B,1.07B
rjf,1.37,-19.42%,5.66%,102.45,54.21,71.82,76.00,1.05M,603.67k,137.03M,121.48M,10.70%,73.72%,5.13M,4.25,4.74%,3.74%,4.38M,1.48,2.26%,1.42,2.16%,1.37,21.04%,"Jul 14, 2020","Jun 29, 2020",3:2,"Mar 22, 2006","Sep 29, 2019","Mar 30, 2020",12.19%,15.97%,2.18%,14.49%,7.88B,56.74,3.10%,7.23B,N/A,958M,6.75,-35.20%,15.94B,116.33,3.96B,57.89,4.53,49.70,3.5B,N/A
xray,1.06,-26.47%,5.66%,60.87,31.58,45.14,46.70,2.16M,1.33M,219.08M,218.22M,0.36%,95.95%,5.01M,2.15,2.60%,2.29%,6.03M,0.4,0.97%,0.39,0.94%,0.64,104.73%,"Jul 09, 2020","Jun 24, 2020",2:1,"Jul 17, 2006","Dec 30, 2019","Mar 30, 2020",2.12%,13.45%,3.99%,1.71%,3.96B,17.79,-7.60%,2.19B,851.4M,83.8M,0.38,N/A,235.9M,1.08,1.59B,33.92,2.03,21.39,592.8M,640.48M
dal,1.25,-56.09%,5.66%,63.44,17.51,28.85,37.52,56.66M,28.49M,637.79M,632.65M,0.38%,85.17%,27.18M,0.39,4.28%,4.26%,33.09M,N/A,N/A,1.56,6.07%,2.11,29.00%,"Mar 11, 2020","Feb 18, 2020",N/A,N/A,"Dec 30, 2019","Mar 30, 2020",7.76%,11.75%,5.07%,25.74%,45.13B,70.07,-18.00%,12.92B,7.63B,3.5B,5.43,N/A,5.97B,9.4,24.07B,168.22,0.53,22.52,6.84B,-752.5M
mpc,2.23,-33.98%,5.66%,69.65,15.26,37.13,39.47,9.94M,8.6M,650M,646.35M,0.60%,78.82%,25.65M,2.52,3.96%,3.94%,24.08M,2.32,6.79%,2.22,6.66%,3.15,N/A,"Jun 09, 2020","May 18, 2020",2:1,"Jun 10, 2015","Dec 30, 2019","Mar 30, 2020",-5.44%,2.41%,2.00%,-18.99%,121.11B,185.54,-10.60%,13.87B,6.61B,-6.59B,-10.10,N/A,1.69B,2.6,34.19B,106.19,1.16,37.06,7.05B,255.62M
cb,0.72,-15.15%,5.66%,167.74,87.35,127.50,130.15,2.99M,1.7M,451.36M,448.33M,0.53%,90.40%,3.73M,1.06,0.83%,0.83%,4.5M,3.12,2.51%,3.00,2.41%,2.13,37.45%,"Jul 09, 2020","Jun 17, 2020",1:2,"Apr 18, 2006","Dec 30, 2019","Mar 30, 2020",10.79%,13.04%,1.61%,7.01%,33.97B,74.78,-3.40%,8.72B,4.73B,3.67B,8.02,-75.80%,5.1B,11.3,18.43B,35.31,0.35,115.64,6.73B,5.08B
dish,1.76,-23.76%,5.66%,44.66,17.09,33.60,30.40,3.36M,2.52M,285.73M,242.33M,14.37%,84.14%,11.83M,3.24,5.48%,2.26%,11.51M,N/A,N/A,N/A,N/A,N/A,0.00%,"Dec 27, 2012","Dec 11, 2012",2:1,"Mar 22, 2000","Dec 30, 2019","Mar 30, 2020",8.82%,14.98%,3.68%,11.36%,12.84B,26.02,0.90%,4.27B,2.57B,1.13B,2.05,-78.50%,3.39B,6.46,14.29B,116.79,1.00,22.28,2.81B,372.91M
lin,0.73,10.72%,5.66%,227.85,146.71,210.59,197.10,2.02M,2.45M,525.18M,523.5M,0.12%,84.26%,4.16M,1.92,0.79%,0.79%,4.15M,3.85,1.74%,3.59,1.62%,2.19,83.83%,"Jun 16, 2020","Jun 01, 2020",2:1,"Dec 15, 2003","Dec 30, 2019","Mar 30, 2020",8.35%,12.97%,2.58%,4.65%,28.02B,52.13,-3.00%,11.6B,8.23B,2.32B,4.32,10.80%,4.01B,7.64,16.87B,35.72,0.74,85.26,6.4B,4.66B
fls,1.81,-47.59%,5.66%,53.39,18.98,28.29,33.66,1.54M,864.97k,130.13M,129.8M,0.22%,101.17%,3.67M,1.79,4.33%,2.82%,4.61M,0.8,2.93%,0.77,2.82%,1.73,51.84%,"Jul 05, 2020","Jun 17, 2020",3:1,"Jun 23, 2013","Dec 30, 2019","Mar 30, 2020",4.96%,9.69%,4.98%,12.01%,3.95B,30.15,0.50%,1.31B,450.39M,195.8M,1.49,N/A,622.3M,4.78,1.55B,91.96,2.19,12.78,321.52M,310.04M
flir,1.57,-25.62%,5.66%,59.44,23.85,42.49,44.29,2.23M,1.46M,130.84M,129.65M,0.96%,99.19%,1.81M,1.03,1.57%,1.38%,3.05M,0.68,1.70%,0.68,1.70%,1.38,73.91%,"Jun 04, 2020","May 20, 2020",2:1,"Dec 10, 2007","Dec 30, 2019","Mar 30, 2020",6.62%,14.88%,5.56%,6.95%,1.89B,14.07,1.40%,935.4M,392.34M,125.27M,0.92,-75.00%,309.16M,2.36,877.29M,51.47,1.92,13.07,365.73M,323.63M
peg,0.58,-17.13%,5.66%,63.88,34.75,50.53,52.02,2.69M,2.43M,505.62M,504.91M,0.06%,72.25%,7M,2.44,1.39%,1.39%,6.79M,1.96,3.94%,1.90,3.82%,3.50,67.14%,"Jun 29, 2020","Jun 07, 2020",2:1,"Feb 04, 2008","Dec 30, 2019","Mar 30, 2020",14.59%,26.10%,3.42%,9.59%,9.88B,19.60,-6.70%,3.61B,4.01B,1.44B,2.83,-36.00%,799M,1.58,17.04B,111.76,0.72,30.26,3.31B,-425.88M
fmc,1.24,19.29%,5.66%,108.77,56.77,99.60,93.18,784.22k,780.73k,129.45M,128.56M,0.77%,94.20%,1.93M,2.7,1.68%,1.49%,1.89M,1.76,1.80%,1.68,1.72%,1.27,40.10%,"Jul 15, 2020","Jun 28, 2020",1153:1000,"Mar 03, 2019","Dec 30, 2019","Mar 30, 2020",10.02%,23.18%,6.72%,20.00%,4.67B,35.86,4.90%,2.08B,1.23B,547M,3.57,-4.40%,436.2M,3.37,3.97B,146.94,1.82,20.67,437.4M,533.52M
adbe,0.93,50.99%,5.66%,467.21,255.13,416.41,360.59,2.99M,2.65M,479.66M,477.85M,0.29%,89.10%,4.62M,1.44,0.97%,0.96%,4.75M,N/A,N/A,N/A,N/A,N/A,0.00%,N/A,"Mar 23, 2005",2:1,"May 23, 2005","Nov 28, 2019","May 28, 2020",30.71%,31.36%,11.44%,35.55%,12.05B,24.92,14.00%,9.5B,4.35B,3.7B,7.58,73.80%,4.35B,9.07,4.7B,43.17,1.29,22.67,4.81B,3.59B
avgo,0.92,10.79%,5.66%,331.58,155.67,307.67,283.70,2.46M,1.78M,402.18M,389.21M,2.53%,84.85%,4.66M,1.73,1.63%,1.16%,5.3M,13,4.04%,12.40,3.86%,2.24,211.85%,"Jun 29, 2020","Jun 18, 2020",N/A,N/A,"Nov 02, 2019","May 02, 2020",10.97%,16.63%,3.12%,10.88%,22.89B,57.44,4.10%,15.87B,10.11B,2.33B,5.57,-18.50%,9.21B,22.89,46.51B,194.04,2.15,59.56,10.43B,10.56B
so,0.43,-5.13%,5.66%,71.10,41.96,55.12,59.21,5M,3.56M,1.06B,1.05B,0.14%,61.25%,11.96M,2.44,1.13%,1.13%,13.7M,2.56,4.93%,2.48,4.77%,4.59,74.70%,"Jun 07, 2020","May 14, 2020",10000:6109,"Apr 02, 2001","Dec 30, 2019","Mar 30, 2020",16.76%,27.04%,3.05%,11.11%,21.02B,20.01,-7.30%,9.63B,9.11B,3.52B,3.33,-58.30%,2.16B,2.05,49.59B,153.99,0.99,26.26,5.93B,-1.92B
fitb,1.73,-33.87%,5.66%,31.64,11.10,20.41,21.80,8.65M,6.39M,711.91M,708.74M,0.29%,80.02%,12.29M,1.35,1.92%,1.73%,12.5M,1.08,6.21%,0.99,5.69%,2.76,44.00%,"Jul 14, 2020","Jun 28, 2020",3:2,"Jul 16, 2000","Dec 30, 2019","Mar 30, 2020",25.32%,34.57%,1.01%,8.55%,7.04B,9.73,-40.20%,7.89B,N/A,1.67B,2.29,-94.10%,7.82B,10.98,24.87B,N/A,N/A,28.26,1.72B,N/A
hca,1.31,-31.37%,5.66%,151.97,58.38,102.62,116.53,2.75M,1.74M,337.62M,262.73M,21.78%,72.31%,3.92M,1.33,1.47%,1.16%,4.52M,N/A,N/A,1.63,1.73%,N/A,18.54%,"Mar 30, 2020","Feb 27, 2020",N/A,N/A,"Dec 30, 2019","Mar 30, 2020",5.90%,13.21%,9.61%,N/A,51.68B,151.98,2.70%,19.3B,9.48B,3.05B,8.79,-44.10%,844M,2.5,36.42B,N/A,1.57,-8.77,8B,2.71B
crm,N/A,N/A,N/A,202.82,115.29,183.7,171.16,6.43M,4.92M,N/A,N/A,N/A,N/A,N/A,N/A,N/A,N/A,N/A,N/A,N/A,N/A,N/A,N/A,N/A,N/A,N/A,N/A,N/A,N/A,N/A,N/A,N/A,N/A,N/A,N/A,N/A,N/A,12.86B,N/A,N/A,N/A,N/A,N/A,N/A,N/A,N/A,N/A,N/A,N/A,N/A
o,0.66,-19.04%,5.66%,84.92,38.00,59.77,63.42,3.22M,1.88M,343.42M,342.67M,0.16%,74.66%,9.46M,2.68,3.71%,2.75%,8.55M,2.8,4.91%,2.74,4.79%,4.23,188.83%,"Jul 14, 2020","Jun 29, 2020",2:1,"Jan 02, 2005","Dec 30, 2019","Mar 30, 2020",30.45%,49.57%,2.78%,5.14%,1.55B,4.79,16.90%,1.4B,1.41B,472.37M,1.46,32.30%,41.8M,0.12,7.73B,74.21,0.89,30.25,1.12B,795.09M
jnj,0.70,5.69%,5.66%,157.00,109.16,143.71,143.79,7.96M,5.53M,2.64B,2.63B,0.08%,70.25%,13.76M,1.77,0.52%,0.52%,16.28M,4.04,2.84%,3.80,2.67%,2.66,59.28%,"Jun 08, 2020","May 21, 2020",2:1,"Jun 12, 2001","Dec 28, 2019","Mar 28, 2020",20.75%,26.06%,8.83%,28.55%,82.73B,31.36,3.30%,54.6B,28.55B,17.17B,6.41,54.60%,18.02B,6.84,27.58B,45.00,1.31,23.28,23.23B,22.63B
fang,2.22,-63.42%,5.66%,111.24,14.55,45.09,52.39,3.42M,2.74M,157.82M,156.86M,0.70%,102.05%,6.53M,2.35,5.47%,4.14%,7.43M,1.5,3.73%,1.12,3.00%,N/A,N/A,"May 20, 2020","May 12, 2020",N/A,N/A,"Dec 30, 2019","Mar 30, 2020",-1.10%,56.21%,5.85%,-0.89%,3.8B,23.49,4.30%,3.1B,3.68B,-42M,-0.26,N/A,149M,0.94,5.7B,39.78,0.95,81.27,3.21B,-1.36B
mkc,0.36,16.28%,5.66%,186.10,112.23,175.24,161.48,722.47k,477.55k,123.94M,130.91M,0.07%,85.06%,2.72M,3.56,N/A,2.04%,3.62M,2.48,1.35%,2.38,1.29%,1.68,42.81%,"Jul 19, 2020","Jul 01, 2020",2:1,"Apr 08, 2002","Nov 29, 2019","May 30, 2020",13.74%,19.06%,6.21%,21.18%,5.43B,40.82,7.60%,2.15B,1.18B,745.9M,5.56,31.10%,185M,1.39,4.43B,120.94,1.02,27.40,988.1M,647.92M
fti,2.24,-72.05%,5.66%,28.57,4.49,7.81,11.35,6.63M,7.82M,449.31M,421.3M,0.70%,90.93%,9.13M,1.01,2.05%,2.04%,9.51M,0.13,1.75%,0.52,7.64%,N/A,N/A,"Apr 07, 2020","Mar 22, 2020",2:1,"Jan 16, 2017","Dec 30, 2019","Mar 30, 2020",-41.77%,7.56%,2.83%,-78.12%,13.63B,30.46,7.50%,2.46B,1.54B,-5.69B,-12.73,N/A,5.09B,11.35,5.3B,128.52,1.14,9.05,755M,515.99M
bwa,1.74,-10.60%,5.66%,46.60,17.00,34.27,31.92,3.35M,2.13M,207.31M,205.48M,0.51%,96.45%,19.24M,5.4,10.49%,9.28%,17.9M,0.68,1.98%,0.68,1.98%,1.53,19.60%,"Jun 14, 2020","May 28, 2020",2:1,"Dec 16, 2013","Dec 30, 2019","Mar 30, 2020",7.24%,11.63%,7.32%,16.50%,9.88B,48.08,-11.20%,2.1B,1.59B,715M,3.47,-19.40%,901M,4.35,1.95B,40.09,1.76,22.79,1.23B,800M
br,0.88,-4.92%,5.66%,136.99,81.90,124.18,115.84,719.41k,526.23k,114.82M,114.09M,0.66%,88.37%,1.61M,2.08,1.62%,1.40%,1.53M,2.16,1.69%,2.11,1.65%,1.70,59.46%,"Jul 01, 2020","Jun 10, 2020",N/A,N/A,"Jun 29, 2019","Mar 30, 2020",9.50%,12.95%,8.32%,33.72%,4.38B,38.15,2.00%,1.23B,855.5M,416.1M,3.55,-3.10%,402.6M,3.51,2.41B,200.13,1.08,10.50,554.7M,627.8M
gm,1.42,-38.03%,5.66%,41.90,14.33,26.76,27.54,16.03M,14.64M,1.43B,1.33B,7.19%,78.03%,21.03M,1.25,1.47%,1.47%,20.54M,N/A,N/A,1.52,6.49%,4.36,46.63%,"Mar 19, 2020","Mar 04, 2020",N/A,N/A,"Dec 30, 2019","Mar 30, 2020",3.60%,4.79%,1.69%,10.81%,135.07B,94.58,-6.20%,14.14B,11.97B,4.71B,3.26,-86.40%,34.53B,24.13,128.76B,290.54,1.07,28.65,16.66B,-742M
vno,1.36,-45.05%,5.66%,68.68,27.64,39.18,47.77,2.8M,1.83M,191.12M,178.01M,8.44%,90.60%,12.43M,3.67,8.47%,6.50%,13.15M,2.64,7.56%,2.64,7.56%,3.52,17.27%,"May 21, 2020","May 07, 2020",1237:1000,"Jul 17, 2017","Dec 30, 2019","Mar 30, 2020",154.34%,23.88%,1.60%,43.48%,1.93B,10.09,-14.50%,1.08B,834.93M,2.92B,15.29,-91.00%,1.59B,8.3,8.59B,108.50,7.07,31.11,649.87M,-211.84M
eqr,0.58,-28.35%,5.66%,89.55,49.62,60.77,69.32,3.01M,2.75M,372.13M,366.25M,1.55%,94.92%,4.41M,1.22,1.59%,1.19%,6.22M,2.41,4.25%,2.31,4.06%,3.08,73.17%,"Jul 09, 2020","Jun 18, 2020",2:1,"Oct 11, 2001","Dec 30, 2019","Mar 30, 2020",43.16%,33.56%,2.74%,11.30%,2.72B,7.34,3.00%,1.79B,1.75B,1.17B,3.14,195.20%,82.33M,0.22,8.96B,80.59,0.13,28.20,1.47B,1.24B
afl,0.89,-38.36%,5.66%,57.18,23.07,36.76,40.93,3.97M,3.26M,717.51M,664.84M,8.52%,64.68%,7.98M,1.64,1.12%,1.11%,10.56M,1.12,3.30%,1.09,3.21%,2.29,27.39%,"May 31, 2020","May 18, 2020",2:1,"Mar 18, 2018","Dec 30, 2019","Mar 30, 2020",13.49%,19.02%,1.74%,11.22%,21.81B,29.65,-8.80%,7.76B,4.19B,2.94B,3.98,-39.00%,5.06B,7.05,9.73B,36.84,0.47,36.75,5.33B,2.45B
mos,1.71,-47.37%,5.66%,25.71,6.50,12.94,14.56,4.58M,4.27M,379.02M,343.7M,9.50%,81.23%,8.71M,1.87,2.85%,2.30%,12.35M,0.2,1.71%,0.20,1.71%,2.34,N/A,"Jun 17, 2020","Jun 02, 2020",2:1,"Nov 30, 1995","Dec 30, 2019","Mar 30, 2020",-15.91%,2.07%,0.58%,-14.71%,8.8B,23.04,-5.30%,897.3M,1.11B,-1.4B,-3.67,N/A,1.07B,2.82,5.76B,67.30,1.29,22.13,1.46B,341.58M
adm,0.95,-5.65%,5.66%,47.20,28.92,39.84,39.35,2.9M,2.26M,555.5M,553.42M,0.44%,80.70%,11.06M,3.46,2.00%,1.99%,9.33M,1.44,3.81%,1.41,3.73%,3.01,51.84%,"Jun 09, 2020","May 18, 2020",105:100,"Aug 29, 2001","Dec 30, 2019","Mar 30, 2020",2.39%,2.51%,2.21%,8.08%,64.32B,114.35,-2.20%,4.15B,2.61B,1.54B,2.72,67.80%,4.73B,8.52,13.49B,70.82,1.51,34.15,-4.07B,1.2B
fb,1.20,20.19%,5.66%,247.65,137.10,233.40,204.43,25.88M,26.61M,2.41B,2.39B,0.66%,79.41%,27.7M,1.08,1.16%,0.97%,29.98M,N/A,N/A,N/A,N/A,N/A,0.00%,N/A,N/A,N/A,N/A,"Dec 30, 2019","Mar 30, 2020",28.57%,36.21%,13.40%,21.85%,73.36B,25.71,17.60%,57.93B,32.54B,20.96B,7.29,101.80%,60.29B,21.16,10.81B,10.27,4.60,36.94,38.01B,16.83B
aptv,2.26,-5.57%,5.66%,99.04,29.22,77.59,74.40,2.53M,1.45M,270.03M,253.16M,0.46%,99.99%,6.91M,1.82,2.98%,2.56%,3.95M,N/A,N/A,0.88,1.17%,1.28,9.70%,"Feb 18, 2020","Feb 03, 2020",1193:1000,"Dec 04, 2017","Dec 30, 2019","Mar 30, 2020",16.58%,9.27%,5.56%,53.05%,14.01B,54.74,-9.80%,2.65B,2.01B,2.32B,9.06,555.00%,2.06B,8.06,6.62B,128.57,1.69,19.50,1.7B,1.01B
el,0.78,1.28%,5.66%,220.42,137.01,193.53,186.59,1.68M,1.22M,224.76M,223.28M,4.05%,90.55%,3.23M,1.94,1.46%,0.90%,3.1M,N/A,N/A,1.82,0.97%,1.15,51.27%,"Mar 15, 2020","Feb 26, 2020",2:1,"Jan 22, 2012","Jun 29, 2019","Mar 30, 2020",8.43%,16.78%,10.36%,29.26%,15.45B,42.81,-10.70%,11.5B,3.19B,1.3B,3.54,N/A,4.89B,13.58,8.86B,203.30,1.62,12.02,2.71B,1.6B
now,1.35,40.45%,5.66%,430.83,213.99,397.30,336.00,1.99M,1.48M,190.7M,189.74M,0.77%,98.93%,5.99M,3.24,3.16%,3.14%,5.77M,N/A,N/A,N/A,N/A,N/A,0.00%,N/A,N/A,N/A,N/A,"Dec 30, 2019","Mar 30, 2020",18.20%,2.88%,1.26%,39.09%,3.72B,19.72,32.60%,2.66B,380.07M,676.47M,3.36,N/A,1.86B,9.75,1.2B,53.09,1.03,11.88,1.37B,1.22B
ess,0.68,-26.09%,5.66%,334.17,175.81,241.88,262.74,496.42k,328.55k,65.42M,63.99M,2.11%,99.33%,894.62k,1.82,1.91%,1.37%,1.05M,8.31,3.71%,7.93,3.54%,2.75,82.49%,"Jul 14, 2020","Jun 28, 2020",N/A,N/A,"Dec 30, 2019","Mar 30, 2020",39.21%,38.92%,3.03%,10.43%,1.62B,24.58,11.10%,1.15B,1.13B,635.43M,9.62,165.00%,271.88M,4.16,6.58B,101.94,0.59,95.21,930.25M,813.61M
hd,1.06,14.36%,5.66%,259.29,140.63,248.35,225.36,4.95M,2.91M,1.08B,1.07B,0.12%,72.20%,8.85M,1.53,0.82%,0.82%,10.25M,6,2.42%,5.72,2.31%,2.09,55.47%,"Jun 17, 2020","Jun 02, 2020",3:2,"Dec 30, 1999","Feb 01, 2020","May 02, 2020",9.79%,13.85%,17.60%,N/A,112.1B,103.23,7.10%,37.57B,17.88B,10.97B,10.07,-10.70%,8.7B,8.09,41.75B,N/A,1.17,-3.24,14.75B,9.92B
tgt,0.79,36.94%,5.66%,130.24,80.03,119.25,113.38,5.26M,2.94M,500.02M,498.7M,0.26%,84.60%,16.68M,2.72,3.34%,3.34%,18.72M,2.72,2.31%,2.62,2.22%,3.18,48.79%,"Sep 09, 2020","Aug 17, 2020",2:1,"Jul 19, 2000","Jan 31, 2020","May 01, 2020",3.46%,5.37%,6.29%,24.78%,80.1B,157.92,11.30%,23.25B,6.9B,2.76B,5.40,-64.30%,4.58B,9.17,16.7B,149.51,1.01,22.34,8.08B,4.47B
pgr,0.51,-3.82%,5.66%,84.96,62.18,78.94,77.48,3.15M,2.63M,585.3M,583.1M,0.29%,82.12%,5.59M,1.75,0.96%,0.95%,5.25M,0.4,0.51%,2.65,3.41%,2.20,6.60%,"Jul 14, 2020","Jul 05, 2020",1:1,"Jan 26, 2014","Dec 30, 2019","Mar 30, 2020",9.19%,11.94%,5.54%,26.72%,39.02B,66.81,0.30%,5.53B,4.97B,3.56B,6.06,-35.80%,2.89B,4.94,5.58B,38.27,0.41,23.68,6.02B,5.39B
cxo,1.84,-50.30%,5.66%,104.88,33.13,56.14,62.44,2.69M,1.99M,196.7M,192.94M,1.08%,96.85%,6.08M,2.16,4.94%,3.09%,7.79M,0.8,1.58%,0.57,1.21%,N/A,N/A,"Jun 25, 2020","May 06, 2020",N/A,N/A,"Dec 30, 2019","Mar 30, 2020",-224.22%,-210.28%,-27.37%,-70.25%,4.14B,20.92,-16.20%,3.48B,4.81B,-9.29B,-46.90,N/A,165M,0.85,3.96B,47.21,2.16,42.92,3.05B,3.57B
wltw,0.80,2.36%,5.66%,220.97,143.34,197.66,194.45,880.19k,534.45k,128.76M,128.13M,0.34%,92.54%,3.43M,4.63,3.52%,2.66%,3.14M,2.72,1.37%,2.66,1.34%,1.69,32.23%,"Jul 14, 2020","Jun 28, 2020",3775:10000,"Jan 04, 2016","Dec 30, 2019","Mar 30, 2020",11.55%,17.76%,2.77%,10.60%,9.19B,70.71,6.70%,4.02B,2.21B,1.06B,8.16,6.30%,898M,6.98,6.94B,66.79,1.05,79.73,1.15B,1.2B
rsg,0.62,-6.32%,5.66%,100.91,65.37,83.12,85.38,1.33M,1.37M,318.1M,208.87M,0.17%,94.47%,2.49M,2,1.19%,0.78%,3.31M,1.62,2.01%,1.59,1.98%,2.08,47.04%,"Jul 14, 2020","Jun 29, 2020",3:2,"Mar 18, 2007","Dec 30, 2019","Mar 30, 2020",10.45%,17.18%,4.99%,13.54%,10.38B,32.41,3.40%,4.08B,2.89B,1.09B,3.38,5.20%,306.6M,0.96,9.36B,115.25,0.89,25.52,2.37B,820.21M
hp,2.10,-63.58%,5.66%,52.48,12.40,21.16,27.37,3.57M,1.87M,107.42M,103.95M,3.14%,95.56%,6.5M,1.48,7.05%,6.05%,6.87M,1,5.40%,2.84,16.27%,5.73,N/A,"Aug 30, 2020","Aug 13, 2020",2:1,"Jul 09, 2006","Sep 29, 2019","Mar 30, 2020",-19.47%,5.58%,1.59%,-12.92%,2.59B,23.75,-12.10%,989.9M,674.67M,-506.01M,-4.66,N/A,381.74M,3.55,528.54M,15.27,2.97,32.22,679.37M,451.8M
fis,0.67,5.00%,5.66%,158.21,91.68,137.33,135.27,3.91M,3.11M,617.83M,615.87M,0.33%,92.30%,8.48M,2.41,1.38%,1.37%,9.84M,1.4,1.03%,1.40,1.03%,1.25,608.70%,"Jun 25, 2020","Jun 10, 2020",N/A,N/A,"Dec 30, 2019","Mar 30, 2020",1.45%,15.25%,2.03%,0.58%,11.35B,21.91,49.60%,3.72B,3.92B,165M,0.31,-89.90%,1.37B,2.22,20.38B,41.28,1.05,79.82,2.5B,3.14B
holx,1.47,21.88%,5.66%,59.14,26.49,54.00,48.93,2.83M,2.28M,258.21M,255.91M,0.33%,99.57%,4.13M,1.7,2.24%,1.60%,3.67M,N/A,N/A,N/A,N/A,N/A,0.00%,N/A,N/A,2:1,"Apr 02, 2008","Sep 27, 2019","Mar 27, 2020",13.62%,18.70%,5.82%,21.22%,3.32B,12.44,-7.60%,2.08B,1.04B,452.9M,1.68,N/A,799.8M,3.1,3.69B,176.42,1.31,8.08,643M,543.24M
noc,0.79,-10.23%,5.66%,385.01,263.31,319.32,336.21,938.53k,1.04M,166.7M,165.96M,0.49%,84.06%,1.28M,1.27,0.96%,0.77%,1.53M,5.8,2.03%,5.28,1.85%,1.51,39.67%,"Jun 16, 2020","May 28, 2020",10000:9035,"Mar 30, 2011","Dec 30, 2019","Mar 30, 2020",6.57%,8.95%,4.63%,25.31%,34.27B,203.12,5.30%,7.26B,4.08B,2.25B,13.29,0.60%,3.28B,19.66,18.11B,199.88,1.29,54.23,4.22B,1.89B
var,1.06,-12.07%,5.66%,150.06,89.62,121.25,124.23,756.86k,450.38k,90.81M,90.52M,0.38%,94.63%,3.65M,5.34,4.52%,4.02%,3.28M,N/A,N/A,N/A,N/A,N/A,0.00%,N/A,"Dec 01, 1998",10000:8769,"Jan 29, 2017","Sep 26, 2019","Apr 02, 2020",6.96%,14.61%,7.86%,12.85%,3.33B,36.61,1.90%,1.37B,579.5M,231.5M,2.52,-51.20%,667.8M,7.35,657.5M,35.15,1.28,20.52,378.8M,333.56M
maa,0.65,-6.08%,5.66%,148.88,82.00,116.90,121.18,782.62k,533.65k,114.35M,113.55M,0.65%,91.47%,1.49M,1.86,1.82%,1.30%,1.61M,4,3.55%,3.88,3.45%,3.41,137.10%,"Jul 30, 2020","Jul 13, 2020",N/A,N/A,"Dec 30, 2019","Mar 30, 2020",19.71%,26.42%,2.44%,5.40%,1.66B,14.55,4.20%,973.16M,939.36M,322.63M,2.83,-42.40%,34.51M,0.3,4.52B,72.66,0.11,52.48,787.34M,711.14M
ndaq,0.75,17.90%,5.66%,123.12,71.66,118.68,109.56,790.73k,569.15k,164.07M,114.09M,18.68%,79.35%,2.87M,3.6,2.51%,1.75%,2.89M,1.96,1.62%,1.88,1.56%,1.73,43.02%,"Jun 25, 2020","Jun 10, 2020",N/A,N/A,"Dec 30, 2019","Mar 30, 2020",15.95%,25.07%,4.89%,13.40%,4.58B,27.76,30.20%,2.54B,1.34B,730M,4.37,-17.80%,1.11B,6.76,4.48B,82.92,0.97,32.83,1.01B,765.25M
ci,0.70,-0.84%,5.66%,224.64,118.50,193.17,191.74,1.71M,1.84M,368.98M,367.7M,1.45%,92.71%,4.52M,2.85,1.23%,1.23%,4.97M,0.04,0.02%,0.04,0.02%,0.02,0.31%,"Apr 08, 2020","Mar 08, 2020",3:1,"Jun 04, 2007","Dec 30, 2019","Mar 30, 2020",3.19%,5.71%,3.56%,11.27%,154.17B,412.56,1.10%,25.26B,11.37B,4.92B,13.03,-13.70%,5.42B,14.7,37.1B,82.22,0.76,122.10,8.18B,2.75B
tif,1.01,29.29%,5.66%,134.42,78.60,121.71,128.21,2.3M,1.08M,121.35M,108.54M,0.95%,100.01%,9.38M,2.67,8.74%,7.73%,10.44M,2.32,1.92%,2.32,1.92%,2.06,80.28%,"Jul 09, 2020","Jun 18, 2020",2:1,"Jul 20, 2000","Jan 30, 2020","Apr 29, 2020",8.83%,12.40%,4.73%,11.06%,3.98B,32.85,-44.60%,2.76B,756.6M,351.3M,2.89,N/A,1.06B,8.72,2.71B,85.15,3.21,26.11,422.2M,57.69M
mo,0.46,-18.71%,5.66%,52.45,30.95,39.99,41.81,9.67M,6.69M,1.86B,1.86B,0.10%,64.19%,12.48M,1.18,0.67%,0.67%,16.25M,3.36,8.70%,3.32,8.60%,4.83,N/A,"Jul 09, 2020","Jun 11, 2020",3:1,"Apr 10, 1997","Dec 30, 2019","Mar 30, 2020",-4.21%,55.17%,12.61%,-8.36%,20.45B,10.97,15.00%,12.71B,11.52B,-868M,-0.48,38.60%,5.62B,3.02,29.97B,449.00,0.71,3.52,8.68B,7.07B
leg,1.58,-9.73%,5.66%,55.42,22.03,34.33,36.63,1.75M,1.13M,132.28M,130.64M,1.18%,75.32%,5.5M,3.03,5.36%,4.16%,6.36M,1.6,4.77%,1.60,4.77%,3.27,67.80%,"Jul 14, 2020","Jun 11, 2020",2:1,"Jun 15, 1998","Dec 30, 2019","Mar 30, 2020",6.86%,10.80%,6.31%,26.17%,4.64B,34.38,-9.50%,1.05B,685.6M,318.3M,2.36,-25.30%,505.8M,3.82,2.62B,211.84,2.09,9.36,647M,456.96M
xlnx,0.97,-18.51%,5.66%,133.00,67.68,94.31,88.75,2.97M,3.36M,243.19M,243.16M,0.18%,83.64%,7.65M,3.01,4.06%,3.15%,7.82M,1.52,1.52%,1.48,1.48%,2.01,47.59%,"Jun 02, 2020","May 11, 2020",2:1,"Dec 27, 1999","Mar 27, 2020","Mar 27, 2020",25.07%,26.07%,10.47%,30.63%,3.16B,12.56,-8.70%,2.14B,981.98M,792.72M,3.11,-33.70%,2.27B,9.3,1.31B,56.58,2.68,9.49,1.19B,880.67M
cms,0.19,1.45%,5.66%,69.17,46.03,58.70,60.91,2.04M,1.97M,286.22M,284.68M,0.46%,94.55%,4.52M,2.41,1.82%,1.58%,5.37M,1.63,2.76%,1.55,2.64%,2.81,62.45%,"May 28, 2020","May 13, 2020",N/A,N/A,"Dec 30, 2019","Mar 30, 2020",10.68%,20.26%,3.22%,14.07%,6.65B,23.49,-9.50%,2.56B,2.21B,710M,2.49,14.10%,834M,2.91,14.34B,274.55,0.96,18.12,1.37B,-455M
amp,1.84,-1.14%,5.66%,180.85,80.01,148.47,139.40,1.07M,736.18k,122.34M,121.88M,0.25%,88.02%,3.09M,2.72,2.84%,2.52%,3.33M,4.16,2.90%,3.88,2.71%,2.55,14.38%,"May 28, 2020","May 14, 2020",N/A,N/A,"Dec 30, 2019","Mar 30, 2020",27.69%,37.50%,2.06%,56.38%,12.76B,97.43,-4.00%,6.33B,4.97B,3.53B,26.57,415.40%,11.93B,97.49,5.16B,77.07,2.68,54.71,7.06B,5.48B
oke,2.12,-62.36%,5.66%,78.48,12.16,35.53,46.58,7.19M,7.91M,444.01M,411.04M,0.67%,75.92%,14.11M,1.85,4.40%,3.41%,12.44M,3.74,14.30%,3.67,14.05%,5.93,187.76%,"May 13, 2020","Apr 23, 2020",11422:10000,"Feb 02, 2014","Dec 30, 2019","Mar 30, 2020",8.40%,20.53%,5.97%,13.32%,9.52B,23.00,-23.10%,3.38B,2.45B,798.41M,1.92,N/A,531.63M,1.28,14.53B,261.33,1.36,13.44,2.02B,-2.41B
mxim,1.32,2.96%,5.66%,65.73,41.93,60.01,56.95,2.6M,2.53M,266.62M,264.6M,0.85%,95.29%,4.89M,2.3,2.53%,1.83%,5.85M,1.92,2.98%,1.92,2.98%,3.06,63.97%,"Jun 11, 2020","May 26, 2020",2:1,"Dec 21, 1999","Jun 28, 2019","Mar 27, 2020",37.00%,31.25%,11.70%,49.65%,2.2B,8.13,3.60%,1.5B,786.1M,814.95M,2.98,23.40%,1.69B,6.32,1.05B,64.94,5.95,6.05,825.99M,549.4M
met,1.35,-27.25%,5.66%,53.28,22.85,37.27,39.70,6.68M,5.59M,907.59M,767.64M,15.54%,77.43%,16.76M,2.44,2.18%,1.85%,18.14M,1.84,5.20%,1.76,4.97%,3.49,18.70%,"Jun 11, 2020","Aug 02, 2020",1122:1000,"Aug 06, 2017","Dec 30, 2019","Mar 30, 2020",12.45%,16.39%,1.01%,13.82%,71.63B,77.27,12.30%,20.48B,12.11B,8.74B,9.37,218.50%,41.66B,45.9,110.62B,157.00,1.08,77.37,13.56B,1.97B
amd,2.13,62.49%,5.66%,59.27,27.43,53.52,50.65,60.56M,46.77M,1.17B,1.16B,0.60%,78.19%,57.23M,0.98,4.92%,4.89%,61.73M,N/A,N/A,N/A,N/A,N/A,0.00%,N/A,"Apr 26, 1995",2:1,"Aug 21, 2000","Dec 27, 2019","Mar 27, 2020",6.72%,10.63%,8.92%,20.19%,7.25B,6.45,40.40%,2.87B,1.01B,487M,0.43,912.50%,1.38B,1.18,699M,23.02,2.21,2.59,641M,549.25M
cmg,1.22,47.14%,5.66%,1145.63,415.00,1046.43,870.53,534.15k,364.22k,27.89M,25.67M,1.61%,92.16%,1.43M,2.74,5.76%,5.12%,1.66M,N/A,N/A,N/A,N/A,N/A,0.00%,N/A,N/A,N/A,N/A,"Dec 30, 2019","Mar 30, 2020",5.95%,7.88%,5.70%,21.45%,5.69B,204.90,7.80%,1.9B,665.43M,338.41M,11.95,-13.30%,881.29M,31.6,2.94B,176.02,1.62,60.11,721.12M,380.47M
rhi,1.59,-13.77%,5.66%,63.97,32.38,52.37,51.14,1.47M,860.73k,114.6M,109.38M,2.96%,99.36%,9.72M,7.33,10.00%,8.48%,8.75M,1.36,2.76%,1.27,2.58%,1.94,33.78%,"Jun 14, 2020","May 21, 2020",2:1,"Jun 12, 2000","Dec 30, 2019","Mar 30, 2020",7.11%,9.90%,16.89%,39.38%,6.11B,53.30,2.60%,2.53B,671.19M,434.55M,3.76,-18.10%,249.91M,2.21,276.29M,24.45,1.76,10.02,517.48M,358.63M
ctas,1.43,9.71%,5.66%,304.81,154.33,267.23,248.06,730.74k,416.83k,104.05M,87.79M,15.58%,67.24%,2.04M,2.6,2.30%,1.96%,2.13M,2.55,0.96%,2.55,0.96%,1.00,28.91%,"Dec 05, 2019","Nov 06, 2019",3:2,"Mar 07, 2000","May 30, 2019","Feb 28, 2020",13.19%,17.50%,10.36%,29.46%,7.26B,69.57,7.60%,3.13B,1.64B,950.49M,8.81,15.30%,234.44M,2.25,3.03B,91.05,2.34,31.96,1.33B,910.44M
akam,0.34,36.89%,5.66%,116.39,75.18,104.42,97.14,2.23M,2.21M,162.27M,158.62M,2.47%,92.94%,6.05M,3.1,4.26%,3.73%,5.83M,N/A,N/A,N/A,N/A,N/A,0.00%,N/A,N/A,N/A,N/A,"Dec 30, 2019","Mar 30, 2020",16.74%,20.02%,6.09%,14.21%,2.95B,18.17,8.20%,1.91B,871.52M,494.05M,3.00,14.90%,1.25B,7.7,2.67B,72.74,3.20,22.64,1.12B,336.52M
j,0.96,-7.34%,5.66%,104.00,59.29,84.30,86.09,919.59k,895.25k,130.1M,122.39M,0.68%,92.66%,2.16M,2.48,1.89%,1.66%,1.95M,0.76,0.96%,N/A,N/A,N/A,56.00%,"Jun 16, 2020","Jul 22, 2020",2:1,"Mar 15, 2007","Sep 26, 2019","Mar 26, 2020",6.23%,5.94%,3.80%,3.49%,13.35B,99.48,10.90%,2.48B,966.65M,167.84M,N/A,N/A,1.84B,14.12,4.05B,72.11,1.97,N/A,-296.24M,675.13M
mmc,0.87,6.25%,5.66%,119.88,74.33,107.27,104.35,2.57M,1.38M,506.12M,504.8M,0.19%,90.66%,5.07M,1.63,1.00%,1.00%,6.47M,1.82,1.68%,1.82,1.68%,1.84,64.04%,"May 14, 2020","Apr 06, 2020",2:1,"Jun 30, 2002","Dec 30, 2019","Mar 30, 2020",10.33%,20.97%,7.34%,23.49%,17.23B,34.06,14.20%,7.34B,4.32B,1.78B,3.49,5.30%,1.48B,2.92,15.87B,213.02,1.13,14.42,2B,8.28B
aes,0.97,-16.27%,5.66%,21.23,8.11,13.65,15.58,6.73M,5.25M,664.77M,662.15M,0.37%,97.93%,8.66M,1.26,1.74%,1.30%,8.26M,0.57,4.12%,0.55,3.97%,3.71,125.64%,"May 14, 2020","Apr 29, 2020",2:1,"Jun 01, 2000","Dec 30, 2019","Mar 30, 2020",2.97%,20.95%,3.82%,9.02%,9.88B,14.87,-11.80%,2.35B,3.14B,292M,0.44,-6.50%,1.87B,2.82,21.09B,441.49,1.06,3.82,2.08B,-410.12M
re,0.46,-19.94%,5.66%,294.31,157.32,209.98,225.21,450.07k,316k,39.99M,39.21M,20.73%,82.26%,741.69k,1.37,3.59%,1.85%,965.14k,6.2,3.13%,5.90,2.98%,2.26,35.89%,"Jun 09, 2020","May 25, 2020",N/A,N/A,"Dec 30, 2019","Mar 30, 2020",8.16%,7.99%,1.55%,7.90%,8.23B,204.45,-0.50%,1.18B,N/A,663.76M,16.45,-95.30%,1.26B,31.49,849.26M,9.90,1.77,214.59,1.9B,1.19B
disca,1.51,-37.52%,5.66%,33.66,17.12,21.95,24.54,5.24M,4.78M,160.02M,469.78M,3.25%,127.30%,42M,7.97,30.88%,8.29%,44.4M,N/A,N/A,N/A,N/A,N/A,0.00%,N/A,N/A,1957:1000,"Aug 06, 2014","Dec 30, 2019","Mar 30, 2020",18.54%,29.59%,6.25%,19.89%,11.12B,17.41,-0.90%,7.39B,4.59B,1.84B,2.51,-1.80%,1.46B,2.17,16.11B,141.25,1.61,14.05,3.19B,5.89B
ivz,1.49,-47.66%,5.66%,20.43,6.38,10.16,12.15,8.73M,5.93M,458.9M,374.67M,1.59%,89.05%,32.55M,3.75,8.69%,7.09%,26.9M,0.62,6.18%,1.09,10.81%,5.09,121.57%,"Jun 02, 2020","May 07, 2020",25:10,"Nov 07, 2000","Dec 30, 2019","Mar 30, 2020",10.02%,25.11%,2.95%,5.66%,6.5B,14.41,31.60%,2.03B,1.82B,468.5M,1.03,-20.80%,966.3M,2.11,2.94B,20.84,9.17,20.68,1.16B,3.72B
bdx,0.94,1.63%,5.66%,286.72,197.75,240.50,250.73,2.16M,1.99M,294.88M,271.07M,0.17%,89.53%,2.15M,0.71,0.84%,0.73%,2.24M,3.16,1.22%,3.12,1.21%,1.39,92.86%,"Jun 29, 2020","Jun 07, 2020",2:1,"Aug 20, 1998","Sep 29, 2019","Mar 30, 2020",6.17%,17.11%,3.51%,5.09%,17.41B,64.26,1.40%,8.29B,5.17B,923M,3.36,815.00%,2.36B,8.67,21.61B,103.17,0.98,77.08,3.5B,3.16B
oxy,1.98,-67.64%,5.66%,54.05,9.00,17.84,24.35,42.2M,22.06M,916.78M,897.35M,0.17%,84.51%,52.98M,1.08,6.42%,5.78%,77.05M,0.04,0.23%,3.15,19.35%,5.97,N/A,"Jul 14, 2020","Jun 11, 2020",10000:9983,"Feb 24, 2016","Dec 30, 2019","Mar 30, 2020",-14.52%,8.81%,1.72%,-12.00%,22.8B,26.93,60.10%,12.06B,10.12B,-3.83B,-4.55,N/A,2.02B,2.25,41.79B,133.53,1.18,23.92,7.77B,-661.5M
cvx,1.30,-32.21%,5.66%,127.00,51.60,91.62,94.51,10.27M,6.71M,1.87B,1.87B,0.05%,68.96%,16.41M,1.62,0.88%,0.88%,21.33M,5.16,6.24%,4.86,5.87%,4.19,233.65%,"Jun 09, 2020","May 17, 2020",2:1,"Sep 12, 2004","Dec 30, 2019","Mar 30, 2020",2.86%,7.25%,2.49%,2.51%,135.38B,72.18,-13.10%,59.75B,28.56B,3.87B,2.06,35.90%,8.54B,4.57,32.35B,22.32,1.01,77.09,26.98B,13.42B
coty,1.04,-62.02%,5.66%,13.4200,3.0200,4.6009,7.0721,18.95M,11.13M,763.09M,284.15M,63.20%,40.02%,21.76M,0.69,7.64%,2.85%,28.29M,N/A,N/A,0.50,12.20%,3.53,N/A,"Mar 26, 2020","Feb 13, 2020",N/A,N/A,"Jun 29, 2019","Mar 30, 2020",-38.33%,5.07%,1.29%,-50.34%,7.93B,10.49,-23.20%,5.35B,1.14B,-3.04B,-4.0260,N/A,1.28B,1.67,9.89B,243.65,1.19,4.89,392.7M,583.84M
cl,0.59,-0.43%,5.66%,77.41,58.49,72.78,70.87,4.09M,3.54M,856.53M,796.97M,0.24%,80.93%,12.56M,2.64,1.57%,1.47%,12.22M,1.76,2.40%,1.72,2.35%,2.33,58.70%,"Aug 13, 2020","Jul 16, 2020",2:1,"May 15, 2013","Dec 30, 2019","Mar 30, 2020",15.86%,23.05%,16.39%,"4,083.97%",15.91B,18.54,5.50%,9.34B,4.15B,2.52B,2.93,27.70%,897M,1.05,7.85B,2300.88,0.96,-0.13,3.3B,2.55B
nwsa,1.48,-10.48%,5.66%,15.07,7.90,12.09,11.73,2.53M,1.65M,388.86M,507.1M,0.58%,101.46%,9.31M,3.39,2.41%,1.58%,8.56M,0.2,1.69%,0.20,1.71%,N/A,N/A,"Apr 14, 2020","Mar 09, 2020",N/A,N/A,"Jun 29, 2019","Mar 30, 2020",-9.66%,4.70%,1.84%,-12.47%,9.55B,16.27,-7.80%,4.45B,880M,-923M,-1.57,N/A,1.39B,2.36,2.55B,29.78,1.39,13.31,729M,221.75M
alk,1.51,-43.61%,5.66%,72.22,20.02,37.50,43.73,3.79M,2.32M,122.58M,122M,0.45%,90.26%,3.85M,0.73,3.54%,3.14%,3.21M,N/A,N/A,1.42,4.14%,1.84,33.37%,"Mar 04, 2020","Feb 13, 2020",2:1,"Jul 09, 2014","Dec 30, 2019","Mar 30, 2020",6.24%,10.26%,4.21%,13.73%,8.54B,69.35,-12.80%,2.49B,1.3B,533M,4.30,N/A,2.12B,17.33,3.9B,97.21,0.69,32.75,1.29B,-13.88M
tt,1.37,-27.94%,5.66%,146.85,70.00,91.25,104.25,1.71M,1.44M,239.21M,238.42M,0.37%,84.13%,3.22M,2.08,1.35%,1.35%,4.04M,2.12,2.35%,N/A,N/A,1.88,40.54%,"Sep 29, 2020","Sep 02, 2020",1252:1000,"Dec 01, 2013","Dec 30, 2019","Mar 30, 2020",7.19%,12.91%,7.09%,20.35%,16.44B,68.24,-5.80%,5.22B,2.5B,1.28B,N/A,N/A,2.65B,11.07,6.03B,104.21,1.55,N/A,1.64B,1.86B
cof,1.75,-32.26%,5.66%,107.59,38.00,68.07,75.09,5.28M,3.23M,455.31M,450.91M,0.86%,91.30%,6.86M,1.28,1.52%,1.51%,7.4M,1.6,2.74%,1.60,2.74%,1.94,31.62%,"May 20, 2020","May 07, 2020",3:1,"Jun 01, 1999","Dec 30, 2019","Mar 30, 2020",14.87%,19.59%,0.72%,5.05%,18.79B,40.44,-66.10%,22.36B,N/A,2.41B,5.19,N/A,27.99B,61.47,58.44B,N/A,N/A,113.38,17.17B,N/A
ko,0.54,-13.39%,5.66%,60.13,36.27,46.20,49.89,18.16M,14.81M,4.29B,4.26B,0.70%,70.00%,24.07M,1.18,0.56%,0.56%,29.22M,1.64,3.73%,1.61,3.67%,3.21,69.40%,"Jun 30, 2020","Jun 11, 2020",2:1,"Aug 12, 2012","Dec 30, 2019","Mar 26, 2020",26.95%,28.69%,7.31%,50.85%,37.17B,8.68,-1.10%,22.65B,12.12B,10.02B,2.32,65.40%,17.68B,4.12,50.42B,254.19,0.87,4.23,10.24B,12.03B
cpri,1.87,-58.45%,5.66%,39.90,5.42,16.88,20.73,5.06M,3.24M,149.43M,128.83M,5.38%,96.11%,15.23M,2.97,11.96%,10.19%,20.56M,N/A,N/A,N/A,N/A,N/A,0.00%,N/A,N/A,N/A,N/A,"Mar 27, 2020","Mar 27, 2020",-4.02%,12.16%,5.78%,-9.77%,5.55B,36.83,-11.30%,3.38B,924M,-223M,-1.48,N/A,592M,3.94,4.37B,201.43,1.35,14.50,859M,661.63M
psa,0.13,-22.11%,5.66%,266.76,155.37,197.68,203.35,1.02M,743.05k,174.79M,151.48M,13.27%,80.70%,4.78M,4.73,3.66%,2.74%,5.06M,8,4.09%,8.00,4.09%,3.46,108.84%,"Jun 29, 2020","Jun 11, 2020",N/A,N/A,"Dec 30, 2019","Mar 30, 2020",51.54%,52.13%,8.47%,16.83%,2.95B,16.92,4.70%,2.12B,2.06B,1.28B,7.35,-0.10%,718.43M,4.11,2.44B,27.01,2.07,28.36,2.06B,1.44B
dvn,3.35,-63.15%,5.66%,28.85,4.70,12.13,14.83,10.3M,9.17M,382.7M,379.98M,0.59%,85.09%,6.93M,0.59,2.07%,1.81%,11.99M,0.44,4.25%,0.36,3.67%,1.57,N/A,"Sep 29, 2020","Sep 10, 2020",2:1,"Nov 15, 2004","Dec 30, 2019","Mar 30, 2020",-26.56%,19.22%,5.74%,-23.38%,6.98B,17.98,99.30%,2.23B,2.92B,-1.4B,-4.78,N/A,1.53B,3.99,4.55B,112.72,2.61,10.23,2.09B,-1.05B
cat,1.08,-8.33%,5.66%,150.55,87.50,126.27,124.06,4.12M,2.45M,541.24M,540.81M,0.19%,70.02%,8.87M,2.19,1.64%,1.64%,9.24M,4.12,3.28%,4.12,3.28%,3.04,41.71%,"Aug 19, 2020","Jul 16, 2020",2:1,"Jul 13, 2005","Dec 30, 2019","Mar 30, 2020",10.41%,14.77%,6.09%,35.69%,50.97B,91.80,-21.00%,14.46B,10B,5.3B,9.46,-41.90%,6.25B,11.53,37.13B,260.79,1.42,26.20,6.92B,5.06B
pfg,1.64,-28.62%,5.66%,60.81,23.31,41.87,42.20,1.88M,1.52M,273.87M,272.64M,0.33%,74.51%,4.41M,2.55,1.84%,1.61%,3.92M,2.24,5.62%,2.20,5.52%,3.57,49.22%,"Jun 25, 2020","May 28, 2020",N/A,N/A,"Dec 30, 2019","Mar 30, 2020",7.36%,8.78%,0.37%,9.63%,17.03B,61.33,21.60%,6.2B,1.73B,1.25B,4.47,-32.80%,4.49B,16.39,3.85B,29.12,2.82,47.21,5.91B,1.29B
a,1.12,26.75%,5.66%,93.04,61.13,88.39,81.67,1.94M,1.25M,308.78M,307.63M,0.37%,89.39%,4.39M,1.86,1.43%,1.42%,6.2M,0.72,0.80%,0.69,0.77%,0.90,31.42%,"Jul 21, 2020","Jun 28, 2020",1398:1000,"Nov 02, 2014","Oct 30, 2019","Apr 29, 2020",13.04%,19.25%,6.82%,13.81%,5.24B,16.89,0.00%,2.81B,1.29B,683M,2.18,-44.50%,1.32B,4.29,2.68B,56.15,1.63,15.46,810M,684.63M
sivb,2.24,-3.10%,5.66%,270.95,127.39,215.61,207.67,459.3k,306.47k,51.51M,51.21M,0.44%,94.70%,1.41M,2.74,3.10%,2.75%,1.9M,N/A,N/A,N/A,N/A,N/A,0.00%,N/A,"Feb 09, 1992",2:1,"May 15, 2000","Dec 30, 2019","Mar 30, 2020",32.38%,46.88%,1.52%,16.21%,3.04B,58.82,-23.80%,3.22B,N/A,980.38M,18.84,-53.00%,2.83B,55.01,3.94B,N/A,N/A,130.02,991.5M,N/A
awk,0.20,15.01%,5.66%,141.70,92.00,128.29,126.90,959.59k,680k,181.02M,180.52M,0.24%,88.97%,2.35M,2.37,1.48%,1.30%,2.24M,2.2,1.68%,2.00,1.53%,1.88,57.31%,"Jun 01, 2020","May 10, 2020",2:1,"Jul 25, 1996","Dec 30, 2019","Mar 30, 2020",17.36%,33.86%,3.42%,10.38%,3.64B,20.12,3.80%,2.07B,1.82B,632M,3.49,9.70%,566M,3.13,10.42B,166.91,0.65,34.49,1.4B,-1B
dltr,0.63,-17.79%,5.66%,119.71,60.20,91.78,84.90,2.66M,2.27M,237.23M,233.91M,1.48%,96.14%,4.97M,1.47,2.71%,2.10%,4.42M,N/A,N/A,N/A,N/A,N/A,0.00%,N/A,N/A,2:1,"Jun 26, 2012","Jan 31, 2020","May 01, 2020",3.35%,6.77%,5.12%,13.14%,24.09B,101.67,8.20%,8.95B,2.29B,806.7M,3.39,-7.60%,1.76B,7.4,10.42B,159.85,1.15,27.49,2.21B,873.06M
jwn,1.37,-49.41%,5.66%,43.37,12.27,17.53,25.36,8.68M,6.7M,157.03M,105.34M,32.72%,73.73%,35.99M,3.2,28.83%,22.92%,35.09M,N/A,N/A,1.48,9.68%,3.60,N/A,"Mar 24, 2020","Mar 08, 2020",2:1,"Jun 30, 2005","Jan 31, 2020","May 01, 2020",-0.44%,2.07%,1.90%,-11.83%,14.2B,91.29,-38.50%,5.59B,968M,-62M,-0.40,N/A,1.36B,8.63,6.14B,1547.35,0.96,2.54,489M,8.5M
hwm,1.55,-36.78%,5.66%,31.99,9.87,14.90,15.91,4.07M,2.95M,436.1M,392.15M,0.76%,84.21%,9.3M,2.67,2.14%,2.13%,9.39M,N/A,N/A,N/A,N/A,N/A,7.08%,"Feb 24, 2020","Feb 05, 2020",N/A,N/A,"Dec 30, 2019","Mar 30, 2020",3.59%,11.75%,5.53%,9.98%,13.86B,31.72,-9.40%,2.96B,2.16B,496M,N/A,15.00%,2.59B,5.94,7.38B,153.78,1.69,N/A,373M,867.12M
mtb,1.23,-41.76%,5.66%,174.37,85.09,108.26,126.09,938.6k,742.37k,128.27M,127.48M,0.43%,84.57%,2.08M,1.92,1.83%,1.62%,2.14M,4.4,4.62%,4.20,4.41%,2.27,34.06%,"Jun 29, 2020","May 28, 2020",10:1,"Oct 05, 2000","Dec 30, 2019","Mar 30, 2020",30.12%,41.71%,1.40%,10.92%,5.7B,43.02,-17.80%,5.97B,N/A,1.64B,12.37,-44.30%,11.44B,89.22,6.55B,N/A,N/A,113.54,1.55B,N/A
alxn,1.47,-11.56%,5.66%,125.52,72.67,113.28,102.81,2.19M,1.63M,220.83M,220.19M,0.30%,95.39%,4.39M,2.03,2.07%,1.99%,4.75M,N/A,N/A,N/A,N/A,N/A,0.00%,N/A,N/A,2:1,"May 22, 2011","Dec 30, 2019","Mar 30, 2020",44.83%,44.97%,9.26%,22.13%,5.3B,23.78,26.70%,4.6B,2.73B,2.37B,10.59,-5.20%,2.36B,10.7,2.85B,24.24,4.35,53.13,2.2B,1.54B
cdns,1.10,34.27%,5.66%,101.79,51.39,93.29,77.56,2.13M,1.51M,279.19M,274.98M,1.42%,97.13%,3.86M,1.92,1.60%,1.38%,4.07M,N/A,N/A,N/A,N/A,N/A,0.00%,N/A,N/A,2:1,"Nov 16, 1997","Dec 27, 2019","Mar 27, 2020",41.74%,21.59%,10.16%,56.33%,2.38B,8.70,7.10%,2.07B,639.66M,992.41M,3.54,2.80%,946.28M,3.39,696.2M,32.26,1.38,7.73,761.91M,571.68M
csx,1.23,-13.96%,5.66%,80.62,46.81,70.32,68.34,4.33M,3.19M,765.47M,764.49M,0.12%,76.04%,6.69M,1.54,0.88%,0.87%,7.95M,1.04,1.53%,0.98,1.44%,1.71,23.61%,"Jun 14, 2020","Aug 27, 2020",3:1,"Jun 15, 2011","Dec 30, 2019","Mar 30, 2020",27.74%,41.57%,7.95%,26.85%,11.78B,15.00,-5.20%,6.29B,6.26B,3.27B,4.15,-7.70%,2.48B,3.24,17.22B,144.86,1.73,15.51,4.86B,2.59B
ual,1.49,-64.22%,5.66%,96.03,17.80,35.37,48.34,63.15M,56.17M,290.45M,289.24M,0.36%,85.49%,26.56M,0.33,10.53%,9.15%,35.76M,N/A,N/A,N/A,N/A,N/A,0.00%,"Jan 22, 2008","Jan 06, 2008",4:1,"May 20, 1996","Dec 30, 2019","Mar 30, 2020",2.43%,7.64%,3.84%,10.54%,41.65B,163.86,-16.80%,14.78B,5.4B,1.01B,3.97,N/A,5.22B,17.98,23.43B,248.77,0.49,38.09,5.06B,-2.04B
wba,0.55,-28.22%,5.66%,64.50,36.65,42.59,46.67,6.96M,11.54M,885.86M,719.34M,22.25%,60.61%,18.29M,2.79,2.51%,2.08%,20.86M,1.87,4.79%,1.83,4.69%,2.38,46.47%,"Jun 11, 2020","Aug 17, 2020",2:1,"Feb 15, 1999","Aug 30, 2019","May 30, 2020",0.55%,2.39%,2.67%,3.27%,138.75B,156.30,0.10%,30.08B,5.02B,760M,0.85,N/A,777M,0.9,41.78B,195.97,0.69,23.83,5.78B,3.36B
nvda,1.34,150.59%,5.66%,426.21,147.39,369.95,292.49,12.58M,9.98M,615M,589.19M,4.15%,69.23%,7.52M,0.47,1.28%,1.22%,10.03M,0.64,0.15%,0.64,0.15%,0.55,11.96%,"Jun 25, 2020","Jun 03, 2020",3:2,"Sep 10, 2007","Jan 25, 2020","Apr 25, 2020",28.18%,29.41%,11.62%,29.11%,11.78B,19.28,38.70%,6.77B,3.86B,3.32B,5.35,132.70%,16.35B,26.59,7.58B,57.85,10.29,21.30,4.95B,3.19B
dxc,2.42,-72.81%,5.66%,57.23,7.90,16.18,21.31,5.04M,3.93M,254.07M,252.13M,0.62%,96.32%,8.22M,1.24,3.25%,3.24%,9.25M,N/A,N/A,0.63,4.16%,1.66,N/A,"Apr 13, 2020","Mar 23, 2020",1156:1000,"May 31, 2018","Mar 30, 2020","Mar 30, 2020",-27.43%,8.48%,3.73%,-63.58%,19.58B,75.71,-8.80%,4.68B,3.34B,-5.37B,-20.76,N/A,3.68B,14.5,11.49B,224.08,1.14,18.87,2.35B,1.73B
duk,0.32,-9.02%,5.66%,103.79,62.13,84.39,87.86,3.66M,3.73M,734.85M,733.77M,0.10%,65.29%,37.67M,10.36,5.13%,5.13%,38.06M,3.86,4.84%,3.76,4.72%,4.25,74.21%,"Jun 15, 2020","Aug 12, 2020",1:3,"Jul 02, 2012","Dec 30, 2019","Mar 30, 2020",15.49%,23.80%,2.34%,7.68%,24.44B,33.45,-3.50%,11.56B,11.06B,3.71B,5.06,4.20%,1.45B,1.98,65.83B,136.92,0.67,61.17,8.52B,-3.29B
csco,0.96,-19.62%,5.66%,58.26,32.40,46.16,44.09,23.62M,17.95M,4.22B,4.22B,0.04%,73.98%,34.39M,1.54,0.81%,0.81%,34.59M,1.44,3.08%,1.41,3.02%,2.99,55.73%,"Jul 21, 2020","Jul 01, 2020",2:1,"Mar 22, 2000","Jul 26, 2019","Apr 24, 2020",21.32%,28.62%,9.59%,29.74%,50.57B,11.91,-7.50%,32.67B,16.18B,10.78B,2.52,-8.90%,28.58B,6.77,17.08B,47.84,1.59,8.46,15.57B,12.04B
mu,N/A,N/A,N/A,61.19,31.13,49.8,49.71,23.85M,17.77M,N/A,N/A,N/A,N/A,N/A,N/A,N/A,N/A,N/A,N/A,N/A,N/A,N/A,N/A,N/A,N/A,N/A,N/A,N/A,N/A,N/A,N/A,N/A,N/A,N/A,N/A,N/A,N/A,10.7B,N/A,N/A,N/A,N/A,N/A,N/A,N/A,N/A,N/A,N/A,N/A,N/A
fox,N/A,-31.45%,5.66%,38.84,19.13,27.93,29.46,1.33M,982.32k,261.08M,461.71M,39.56%,59.57%,2.11M,1.78,1.34%,0.35%,2.2M,0.46,1.81%,0.69,2.82%,N/A,32.09%,"Mar 31, 2020","Mar 02, 2020",N/A,N/A,"Jun 29, 2019","Mar 30, 2020",10.74%,20.12%,8.23%,14.44%,12.4B,20.11,25.00%,4.06B,2.75B,1.33B,2.15,-85.30%,3.2B,5.29,7.32B,70.44,3.79,16.75,2.24B,1.4B
isrg,0.93,9.12%,5.66%,619.00,360.50,573.91,546.85,656.37k,427.85k,116.75M,115.51M,0.96%,91.32%,2.46M,3.8,2.13%,2.11%,2.66M,N/A,N/A,N/A,N/A,N/A,0.00%,N/A,N/A,3:1,"Oct 05, 2017","Dec 30, 2019","Mar 30, 2020",30.11%,30.54%,9.70%,17.91%,4.6B,39.78,12.90%,3.11B,1.63B,1.39B,11.60,2.30%,3.25B,27.9,N/A,N/A,4.96,72.96,1.62B,1.04B
bax,0.79,3.93%,5.66%,95.19,69.10,86.22,86.59,3.01M,3.03M,508.84M,507.84M,0.13%,87.48%,4.03M,1.27,0.79%,0.79%,4.43M,0.98,1.14%,0.88,1.03%,1.48,46.07%,"Jun 30, 2020","Jun 03, 2020",1841:1000,"Jun 30, 2015","Dec 30, 2019","Mar 30, 2020",8.60%,17.67%,7.19%,13.01%,11.53B,22.70,6.20%,4.92B,2.83B,991M,1.91,-2.90%,4.11B,8.08,7.24B,93.71,2.74,15.14,2.25B,1.39B
apa,4.66,-51.76%,5.66%,33.77,3.80,13.50,16.87,19.45M,10.38M,377.43M,376.01M,0.46%,99.95%,17.29M,0.85,6.24%,4.58%,34.09M,0.1,0.83%,0.77,6.42%,3.13,N/A,"Aug 20, 2020","Jul 20, 2020",2:1,"Jan 14, 2004","Dec 30, 2019","Mar 30, 2020",-135.68%,-25.40%,-5.32%,-185.44%,5.89B,15.59,-19.40%,4.63B,3.46B,-7.99B,-21.17,N/A,428M,1.13,9.01B,2612.75,0.94,-3.30,2.77B,1.45B
cpb,0.40,22.28%,5.66%,57.54,40.03,49.28,48.93,2.42M,1.63M,302.16M,193.11M,43.90%,53.65%,18.36M,5.46,9.55%,6.08%,15.96M,1.4,2.83%,1.40,2.83%,2.88,85.37%,"Aug 02, 2020","Jul 13, 2020",2:1,"Mar 17, 1997","Jul 27, 2019","Apr 25, 2020",18.34%,14.80%,5.84%,26.24%,8.36B,27.72,14.60%,2.71B,1.49B,501M,5.05,100.00%,1.24B,4.11,6.95B,269.20,0.84,8.53,1.54B,947.12M
dgx,1.36,15.53%,5.66%,125.00,73.02,114.29,105.47,1.71M,1.09M,133.73M,132.95M,0.51%,94.17%,3.29M,2.11,2.79%,2.46%,4.65M,2.24,1.93%,2.15,1.86%,1.95,37.99%,"Jul 21, 2020","Jul 06, 2020",2:1,"Jun 20, 2005","Dec 30, 2019","Mar 30, 2020",10.36%,14.99%,5.98%,14.58%,7.66B,57.14,-3.60%,2.72B,1.48B,771M,5.81,-39.60%,342M,2.56,4.59B,79.43,1.38,42.22,1.22B,601.88M
cvs,0.74,9.07%,5.66%,77.03,52.04,65.11,65.06,7.88M,7.48M,1.31B,1.3B,0.19%,79.64%,19.8M,2.73,1.52%,1.52%,18.18M,2,3.26%,2.00,3.26%,2.53,36.23%,"May 03, 2020","Jul 21, 2020",2:1,"Jun 06, 2005","Dec 30, 2019","Mar 30, 2020",2.77%,4.77%,3.46%,11.50%,260.96B,200.28,8.50%,44.52B,16.81B,7.22B,5.52,41.20%,12.71B,9.73,92.32B,141.00,0.99,49.92,14.2B,11.29B
ma,1.07,5.84%,5.66%,347.25,199.99,301.31,290.37,4.74M,3.69M,993.12M,991.52M,11.30%,78.61%,4.43M,0.99,0.50%,0.44%,6.46M,1.6,0.54%,1.46,0.50%,0.59,17.77%,"Aug 06, 2020","Jul 07, 2020",10:1,"Jan 21, 2014","Dec 30, 2019","Mar 30, 2020",46.75%,56.88%,22.32%,147.74%,17B,16.81,3.10%,16.88B,10.22B,7.95B,7.82,-9.10%,10.68B,10.64,12.47B,226.74,1.87,5.38,8.73B,6.85B
aon,0.87,0.02%,5.66%,238.19,143.93,192.44,195.74,1.48M,1.37M,231.53M,228.58M,0.95%,93.77%,12.3M,8.6,5.37%,5.32%,11.08M,1.76,0.91%,1.76,0.91%,1.04,25.29%,"May 14, 2020","Apr 29, 2020",3:2,"May 17, 1999","Dec 30, 2019","Mar 30, 2020",14.84%,24.63%,5.75%,41.62%,11.09B,46.92,2.40%,5.17B,3.28B,1.65B,6.90,17.10%,765M,3.31,9.29B,285.12,1.01,13.71,2.1B,2B
hii,1.07,-28.87%,5.66%,279.71,147.14,183.88,208.39,361.28k,256.65k,40.47M,39.38M,2.44%,90.32%,597.29k,1.61,1.72%,1.48%,709.42k,4.12,2.55%,3.78,2.34%,1.33,25.82%,"Jun 11, 2020","May 27, 2020",1:2,"Dec 04, 2003","Dec 30, 2019","Mar 30, 2020",6.64%,9.18%,7.13%,37.62%,9.08B,220.30,8.80%,1.53B,1.07B,603M,14.63,45.80%,28M,0.69,1.94B,118.20,1.03,40.57,953M,14.5M
hban,1.54,-37.79%,5.66%,15.63,6.82,9.55,10.59,12.23M,10.53M,1.01B,1B,1.01%,77.75%,22.24M,1.99,2.51%,2.19%,30.53M,0.6,7.44%,0.59,7.32%,3.16,60.20%,"Jun 30, 2020","Jun 15, 2020",11:10,"Jul 11, 2000","Dec 30, 2019","Mar 30, 2020",27.35%,34.58%,0.99%,9.49%,4.02B,3.90,-34.00%,4.39B,N/A,1.03B,0.98,-86.60%,3.09B,3.04,12.93B,N/A,N/A,10.42,1.58B,N/A
kim,1.21,-34.13%,5.66%,21.86,7.45,13.03,14.23,8M,3.85M,432.52M,411.47M,2.75%,93.66%,17.35M,1.69,5.09%,4.01%,15.84M,N/A,N/A,1.12,9.46%,5.62,149.33%,"Apr 14, 2020","Mar 31, 2020",2:1,"Aug 23, 2005","Dec 30, 2019","Mar 30, 2020",33.33%,38.96%,2.51%,7.51%,1.15B,2.73,-1.80%,821.93M,703.48M,319.44M,0.75,-22.40%,451.8M,1.04,5.8B,118.60,5.32,11.12,583.62M,408.11M
hsy,0.16,-7.68%,5.66%,162.20,109.88,131.26,140.48,1.32M,977.87k,147.4M,146.77M,0.16%,78.05%,2.93M,1.93,2.24%,1.41%,2.26M,3.09,2.44%,3.04,2.40%,2.36,57.38%,"Jun 14, 2020","May 20, 2020",2:1,"Jun 15, 2004","Dec 30, 2019","Mar 28, 2020",13.94%,20.57%,12.32%,71.77%,8.01B,38.25,1.00%,3.62B,1.94B,1.12B,5.30,-10.90%,1.09B,5.26,5.29B,315.97,0.99,8.03,1.68B,988.6M
dva,1.21,42.56%,5.66%,90.15,53.51,80.22,78.38,1.16M,921.45k,121.8M,118.26M,2.74%,101.41%,6.19M,4.93,7.50%,5.09%,5.88M,N/A,N/A,N/A,N/A,N/A,0.00%,N/A,N/A,2:1,"Sep 08, 2013","Dec 30, 2019","Mar 30, 2020",7.85%,15.88%,5.67%,24.08%,11.49B,80.43,3.60%,3.47B,2.45B,816.13M,6.26,60.50%,1.39B,11.42,11.68B,347.44,1.81,15.99,2.83B,5.53B
evrg,0.48,1.64%,5.66%,76.57,42.01,61.06,62.44,2.44M,1.41M,226.74M,225.97M,0.26%,86.15%,4.12M,1.36,1.99%,1.82%,5M,2.02,3.32%,1.96,3.22%,3.03,72.32%,"Jun 18, 2020","May 18, 2020",2:1,"May 21, 1987","Dec 30, 2019","Mar 30, 2020",12.68%,22.72%,2.74%,7.31%,5.05B,21.66,-8.20%,2.43B,2.06B,639.8M,2.74,-30.30%,304.4M,1.34,10.42B,122.51,0.72,37.62,1.71B,656.24M
amcr,0.49,-5.14%,5.66%,11.41,5.80,10.22,9.55,9.53M,10.15M,1.57B,1.57B,0.19%,32.81%,24.22M,2.79,1.54%,1.54%,29.46M,0.46,4.40%,0.47,4.53%,N/A,105.42%,"Jun 16, 2020","May 26, 2020",N/A,N/A,"Jun 29, 2019","Mar 30, 2020",4.31%,8.98%,N/A,N/A,11.93B,7.84,36.00%,1.8B,1.68B,520.4M,0.31,61.20%,539.3M,0.34,7.07B,147.22,1.23,3.33,1.12B,N/A
rol,0.42,19.19%,5.66%,46.95,30.72,42.57,38.71,1.51M,1.28M,327.77M,299.06M,56.74%,43.54%,10.9M,5.4,7.38%,3.32%,11.58M,0.32,0.70%,0.44,0.95%,1.09,71.31%,"Jun 09, 2020","May 07, 2020",3:2,"Dec 10, 2018","Dec 30, 2019","Mar 30, 2020",9.76%,15.38%,13.10%,26.64%,2.07B,6.33,13.70%,1.02B,405.11M,202.39M,0.61,-2.20%,92.58M,0.28,530.05M,66.22,0.73,2.44,339.73M,270.66M
wu,0.90,2.70%,5.66%,28.45,17.39,21.85,22.47,6.7M,4.69M,410.9M,408.71M,0.50%,120.23%,53.08M,6.53,17.81%,12.92%,61.28M,0.9,4.34%,0.82,3.98%,3.51,33.13%,"Jun 29, 2020","Jun 14, 2020",N/A,N/A,"Dec 30, 2019","Mar 30, 2020",20.64%,20.04%,7.24%,N/A,5.15B,12.20,-11.00%,2.25B,1.28B,1.06B,2.50,2.10%,1.07B,2.61,3.3B,N/A,0.31,-0.36,787.4M,441.46M
mdt,0.68,-9.03%,5.66%,122.15,72.13,94.35,100.97,5.98M,4.22M,1.34B,1.34B,0.07%,85.82%,8.94M,1.28,0.67%,0.67%,8.33M,2.32,2.57%,2.16,2.40%,2.05,61.02%,"Jul 16, 2020","Jun 24, 2020",2:1,"Sep 26, 1999","Apr 23, 2020","Apr 23, 2020",16.56%,17.79%,3.56%,9.51%,28.91B,21.57,-26.40%,19.65B,7.81B,4.79B,3.54,-44.90%,10.95B,8.16,25.74B,50.60,2.12,37.83,7.23B,5.1B
tpr,1.35,-58.96%,5.66%,31.34,10.18,14.16,18.71,5.96M,5.25M,276.1M,275.21M,0.31%,92.01%,12.33M,1.7,5.76%,4.47%,13.45M,N/A,N/A,1.35,10.94%,4.15,N/A,"Mar 29, 2020","Mar 04, 2020",2:1,"Apr 04, 2005","Jun 28, 2019","Mar 27, 2020",-3.64%,11.96%,5.86%,-6.88%,5.76B,20.44,-19.40%,4.08B,962.5M,-209.4M,-0.75,N/A,898.2M,3.25,3.85B,150.99,1.87,9.25,635M,345.38M
aal,1.73,-64.47%,5.66%,34.99,8.25,14.04,17.48,98.4M,82.69M,508.11M,417.74M,1.16%,84.80%,129.26M,1.08,48.89%,30.57%,147.61M,0.4,3.34%,0.40,3.58%,1.21,N/A,"Feb 18, 2020","Feb 03, 2020",0:1,"Dec 08, 2013","Dec 30, 2019","Mar 30, 2020",-1.69%,4.84%,2.21%,N/A,43.7B,100.04,-19.50%,12.56B,4.51B,-740M,-1.70,N/A,3.58B,8.46,34.07B,N/A,0.37,-6.23,2B,-870.37M
yum,0.87,-22.06%,5.66%,119.72,54.95,89.81,89.55,2.54M,1.44M,300.99M,300.29M,0.19%,78.67%,3.88M,1.17,1.29%,1.29%,4.87M,1.88,2.18%,1.78,2.06%,1.91,48.32%,"Jun 11, 2020","May 27, 2020",1391:1000,"Oct 31, 2016","Dec 30, 2019","Mar 30, 2020",19.89%,33.77%,21.85%,N/A,5.61B,18.41,0.70%,2.83B,2.01B,1.12B,3.59,-68.30%,1.15B,3.83,11.65B,N/A,1.33,-27.34,1.25B,1.02B
fisv,0.83,1.30%,5.66%,125.05,73.50,101.89,105.70,4.7M,3.81M,669.48M,556.42M,0.46%,94.66%,15.09M,3.38,2.71%,2.25%,13.54M,N/A,N/A,N/A,N/A,N/A,0.00%,N/A,N/A,2:1,"Mar 19, 2018","Dec 30, 2019","Mar 30, 2020",8.51%,13.80%,2.55%,5.93%,12.45B,21.33,150.90%,4.93B,4B,1.06B,1.79,74.20%,896M,1.34,21.97B,65.49,1.07,47.24,3.44B,2.06B
wynn,2.49,-46.19%,5.66%,153.41,35.84,84.64,96.14,6.04M,5.29M,107.87M,96.4M,9.71%,79.20%,9.68M,1.51,10.29%,8.97%,10.76M,N/A,N/A,3.00,4.22%,2.66,N/A,"Mar 05, 2020","Feb 24, 2020",N/A,N/A,"Dec 30, 2019","Mar 30, 2020",-6.49%,7.10%,1.91%,-20.54%,5.91B,55.41,-42.30%,4.78B,1.07B,-383.92M,-3.60,N/A,2.88B,26.89,11.53B,1161.25,1.81,11.59,460.71M,-471.24M
ads,2.54,-72.32%,5.66%,159.41,20.51,49.13,64.99,2.01M,1.36M,47.63M,46.22M,3.30%,97.34%,2.56M,1.25,6.15%,5.38%,3.56M,0.84,1.98%,2.52,6.32%,N/A,29.58%,"Jun 17, 2020","May 12, 2020",1:4,"Jun 05, 2006","Dec 30, 2019","Mar 30, 2020",2.82%,15.05%,1.97%,25.51%,5.63B,115.70,3.60%,1.26B,976.1M,414.8M,3.07,-79.90%,4.46B,93.57,21.13B,1942.39,2.02,22.84,1.18B,6.55B
kmi,1.01,-32.96%,5.66%,22.58,9.42,15.57,17.09,14.46M,13.72M,2.26B,1.93B,13.77%,64.36%,22.37M,1.54,1.15%,0.99%,22.45M,1.05,7.55%,1.01,7.28%,4.62,172.41%,"May 14, 2020","Apr 30, 2020",10:1,"Jan 19, 2015","Dec 30, 2019","Mar 30, 2020",10.31%,29.90%,3.22%,3.98%,12.89B,5.69,-9.40%,7.36B,6.23B,1.32B,0.58,N/A,486M,0.22,34.96B,102.05,0.55,14.64,5.01B,624.5M
dre,0.64,8.72%,5.66%,38.88,25.19,35.64,34.30,2.75M,1.94M,368.38M,367.51M,0.18%,98.07%,6.42M,1.97,2.09%,1.74%,6.93M,0.94,2.62%,0.92,2.56%,2.84,81.08%,"May 28, 2020","May 12, 2020",2:1,"Aug 25, 1997","Dec 30, 2019","Mar 30, 2020",42.68%,27.35%,1.96%,8.39%,946.23M,2.60,-14.30%,667.79M,553.26M,402.08M,1.10,-56.30%,187.56M,0.51,3.15B,62.59,1.99,13.46,505.89M,855.95M
ttwo,0.57,31.51%,5.66%,154.88,100.00,138.78,125.70,2.34M,1.6M,113.42M,107.81M,1.20%,94.24%,4.6M,1.41,4.52%,4.04%,3.77M,N/A,N/A,N/A,N/A,N/A,0.00%,N/A,N/A,3:2,"Apr 11, 2005","Mar 30, 2020","Mar 30, 2020",13.09%,13.77%,5.78%,17.66%,3.09B,27.31,41.10%,1.55B,493.97M,404.46M,3.54,115.90%,2B,18.47,177.25M,6.98,1.71,23.52,685.68M,531.93M
xel,0.27,4.23%,5.66%,72.14,46.58,64.21,64.04,3.11M,2.49M,525.03M,523.91M,0.18%,81.12%,13.93M,4.83,2.66%,2.65%,11.88M,1.72,2.72%,1.64,2.59%,3.01,63.51%,"Jul 19, 2020","Jun 11, 2020",2:1,"Jun 01, 1998","Dec 30, 2019","Mar 30, 2020",12.07%,18.31%,2.59%,10.55%,11.2B,21.46,-10.50%,4.66B,3.81B,1.35B,2.59,-6.30%,268M,0.51,21.2B,159.34,0.51,25.34,3.14B,-2.31B
dfs,1.88,-40.29%,5.66%,92.98,23.25,52.08,55.57,5.64M,3.48M,306.3M,304.3M,0.52%,86.16%,8.37M,1.37,2.74%,2.73%,8.81M,1.76,3.79%,1.72,3.70%,2.12,25.75%,"Jun 03, 2020","May 19, 2020",N/A,N/A,"Dec 30, 2019","Mar 30, 2020",29.50%,39.74%,1.94%,20.74%,7.35B,23.35,-44.70%,7.82B,N/A,2.12B,6.74,N/A,10.03B,32.74,26.11B,270.13,1.21,29.72,5.54B,N/A
gs,1.47,-2.85%,5.66%,250.46,130.85,203.84,200.85,3.49M,3.25M,343.89M,350.91M,0.60%,76.20%,4.97M,1.34,1.45%,1.45%,6.5M,5,2.54%,4.60,2.34%,1.53,24.96%,"Jun 28, 2020","May 28, 2020",N/A,N/A,"Dec 30, 2019","Mar 30, 2020",21.40%,30.54%,0.74%,8.02%,34.7B,94.78,-9.10%,31.06B,N/A,6.81B,18.47,-46.10%,675.84B,1884.72,473.88B,506.82,1.71,226.40,15.21B,N/A
pru,1.71,-40.58%,5.66%,103.56,38.62,62.67,69.25,3.45M,2.44M,393.8M,393.97M,0.20%,67.48%,9.79M,2.53,2.48%,2.48%,10M,4.4,7.58%,4.10,7.07%,3.62,57.02%,"Jun 17, 2020","May 21, 2020",N/A,N/A,"Dec 30, 2019","Mar 30, 2020",4.73%,5.61%,0.26%,5.20%,63.08B,157.02,-10.80%,18.4B,4.31B,2.94B,7.27,N/A,44.31B,112.18,37.89B,62.04,0.80,153.48,31.31B,20.41B
vz,0.42,-5.37%,5.66%,62.22,48.84,55.81,56.77,16.4M,14.83M,4.14B,4.13B,0.03%,68.43%,31.63M,1.77,0.77%,0.76%,30.7M,2.46,4.56%,2.45,4.54%,4.47,55.25%,"Aug 02, 2020","Jul 08, 2020",1000000:937889,"Jul 01, 2010","Dec 30, 2019","Mar 30, 2020",14.00%,23.91%,6.79%,31.76%,131.35B,31.74,-1.60%,77.14B,48.01B,18.39B,4.43,-17.40%,7.05B,1.7,140.68B,228.18,0.99,14.55,37.49B,11.28B
nrg,1.05,-7.52%,5.66%,41.78,19.54,34.27,33.81,2.71M,2.05M,244.09M,242.25M,0.81%,98.22%,6.54M,2.42,3.08%,2.68%,6.06M,1.2,3.71%,0.66,2.04%,1.45,2.48%,"May 14, 2020","Apr 29, 2020",2:1,"May 31, 2007","Dec 30, 2019","Mar 30, 2020",42.14%,13.63%,7.38%,"51,837.50%",9.67B,38.02,-6.70%,2.52B,1.86B,4.14B,15.90,-74.90%,759M,3.11,6.99B,455.14,1.22,6.25,1.71B,1.18B
hrb,0.80,-50.07%,5.66%,28.51,11.29,16.26,18.27,3.26M,3.39M,192.48M,191.94M,0.48%,106.68%,23.8M,8.99,16.66%,12.37%,24.92M,1.04,7.91%,1.04,7.91%,3.78,"3,466.67%","Jun 30, 2020","Jun 24, 2020",2:1,"Aug 22, 2005","Apr 29, 2020","Apr 29, 2020",-0.29%,6.94%,2.72%,2.01%,2.64B,13.42,-22.40%,927.44M,352.62M,5.52M,-0.04,-47.60%,2.66B,13.83,4.02B,5656.68,1.96,0.37,108.96M,-19.95M
stt,1.54,15.64%,5.66%,85.89,42.10,64.04,65.24,2.46M,1.92M,351.96M,332.15M,0.47%,95.31%,4.61M,1.74,1.31%,1.31%,4.16M,2.08,3.37%,2.03,3.29%,2.25,34.88%,"Jul 15, 2020","Jun 29, 2020",2:1,"May 30, 2001","Dec 30, 2019","Mar 30, 2020",20.06%,27.37%,0.80%,9.69%,11.8B,32.44,3.40%,11.7B,N/A,2.14B,5.82,24.80%,164.29B,466.79,67.26B,N/A,N/A,60.78,10.31B,N/A
tsco,1.03,24.19%,5.66%,138.65,63.89,126.44,101.24,1.47M,749.22k,115.63M,115.02M,0.46%,89.05%,3.35M,1.98,3.27%,2.89%,3.75M,1.4,1.02%,1.40,1.02%,1.30,29.54%,"Jun 08, 2020","May 21, 2020",2:1,"Sep 26, 2013","Dec 27, 2019","Mar 27, 2020",6.71%,8.90%,8.25%,40.10%,8.49B,71.57,7.50%,2.87B,956.9M,569.3M,4.76,9.00%,461.47M,3.99,3.39B,250.77,1.66,11.71,908.67M,576.51M
nwl,1.06,4.36%,5.66%,20.99,10.44,15.30,15.57,3.92M,3M,424.1M,420.47M,0.78%,90.56%,13.23M,3.42,4.65%,3.12%,14.75M,0.92,6.13%,0.92,6.13%,3.41,N/A,"Jun 14, 2020","May 27, 2020",2:1,"Sep 01, 1994","Dec 30, 2019","Mar 30, 2020",-10.69%,8.42%,3.14%,-24.08%,9.56B,22.57,-7.60%,3.24B,1.25B,-1.02B,-2.41,N/A,476M,1.12,6.64B,190.95,1.33,8.14,1.27B,3.61B
sre,0.73,-14.87%,5.66%,161.87,88.00,123.38,132.17,1.84M,1.79M,292.54M,291.98M,0.06%,87.62%,5.17M,3.11,2.01%,1.77%,5.48M,4.18,3.59%,3.94,3.39%,2.86,59.36%,"Jul 14, 2020","Jun 24, 2020",2:1,"May 27, 1992","Dec 30, 2019","Mar 30, 2020",22.96%,25.94%,2.74%,11.09%,10.96B,38.81,4.50%,4.2B,4.43B,1.89B,8.28,66.90%,2.26B,7.73,28.52B,128.97,0.44,61.16,3.46B,-700.75M
nsc,1.37,-16.30%,5.66%,219.88,112.62,178.39,177.30,1.49M,1.26M,256.18M,255.71M,0.12%,76.23%,3.01M,2,1.18%,1.18%,3.55M,3.76,2.20%,3.68,2.15%,2.13,39.96%,"Jun 09, 2020","May 06, 2020",3:1,"Oct 09, 1997","Dec 30, 2019","Mar 30, 2020",21.89%,36.50%,6.79%,16.06%,11.08B,42.49,-7.60%,5.19B,5.19B,2.42B,9.22,-43.70%,608M,2.37,12.49B,83.89,0.89,58.10,3.97B,1.41B
eog,1.97,-48.85%,5.66%,91.36,27.00,52.07,57.00,5.13M,4.27M,582.05M,579.23M,0.34%,89.21%,9.63M,1.97,1.85%,1.66%,11.74M,1.5,3.38%,1.24,2.79%,0.96,29.82%,"Jul 30, 2020","Jul 15, 2020",2:1,"Mar 31, 2014","Dec 30, 2019","Mar 30, 2020",12.79%,17.15%,4.82%,10.20%,16.49B,28.53,-14.40%,9.12B,8.62B,2.11B,3.63,-98.50%,2.91B,4.99,5.54B,25.82,1.51,36.89,9.14B,2.18B
blk,1.28,15.03%,5.66%,576.81,323.98,545.79,501.71,1.35M,565.05k,151.62M,153.01M,3.32%,84.87%,2.31M,1.49,2.00%,1.53%,1.96M,14.52,2.64%,13.53,2.46%,2.50,50.17%,"Jun 22, 2020","Jun 03, 2020",1:1,"Jun 04, 2007","Dec 30, 2019","Mar 30, 2020",28.38%,34.05%,2.02%,12.24%,14.9B,95.99,10.90%,7.41B,5.5B,4.23B,26.98,-23.50%,7.38B,47.61,6.92B,20.04,1.53,212.87,2.17B,3.19B
cern,0.87,-7.78%,5.66%,80.90,53.08,70.22,70.01,2.19M,1.86M,304.35M,293.33M,3.63%,86.01%,15.3M,7.46,5.66%,5.03%,14.97M,0.72,1.03%,0.72,1.03%,N/A,44.72%,"Jul 16, 2020","Jun 03, 2020",2:1,"Jun 30, 2013","Dec 27, 2019","Mar 30, 2020",8.93%,12.37%,6.44%,11.35%,5.71B,18.17,1.60%,4.62B,1.17B,510.39M,1.61,-11.50%,398.78M,1.31,1.52B,39.30,1.93,12.70,1.28B,559.88M
bac,1.59,-17.80%,5.66%,35.72,17.95,24.82,26.85,74.79M,64.94M,8.68B,8.65B,0.10%,73.24%,78.64M,0.92,1.02%,0.91%,109.6M,0.72,3.16%,0.69,3.03%,1.64,28.16%,"Jun 25, 2020","Jun 03, 2020",2:1,"Aug 29, 2004","Dec 30, 2019","Mar 30, 2020",29.57%,35.78%,0.97%,9.07%,81.6B,8.90,-18.10%,85.58B,N/A,22.67B,2.46,-45.20%,725.1B,83.58,528.55B,N/A,N/A,27.84,65.72B,N/A
hog,1.46,-27.45%,5.66%,40.89,14.31,24.59,26.26,4.94M,3.44M,153.17M,150.23M,0.38%,100.24%,16.96M,2.97,12.55%,11.07%,22.77M,0.08,0.31%,1.50,5.84%,3.41,64.59%,"Jun 11, 2020","May 20, 2020",2:1,"Apr 09, 2000","Dec 30, 2019","Mar 28, 2020",6.93%,10.14%,3.08%,20.94%,5.28B,33.93,-6.20%,1.62B,744.31M,365.38M,2.33,-45.50%,415.52M,2.75,8.21B,485.20,1.09,11.19,827.02M,857.82M
foxa,N/A,-31.59%,5.66%,39.74,19.81,28.22,29.93,4.51M,4.35M,342.64M,461.71M,1.82%,105.94%,22.75M,5.36,6.73%,3.77%,22.45M,0.46,1.82%,0.69,2.83%,N/A,32.09%,"Mar 31, 2020","Mar 02, 2020",N/A,N/A,"Jun 29, 2019","Mar 30, 2020",10.74%,20.12%,8.23%,14.44%,12.4B,20.11,25.00%,4.06B,2.75B,1.33B,2.15,-85.30%,3.2B,5.29,7.32B,70.44,3.79,16.75,2.24B,1.4B
tap,0.86,-35.46%,5.66%,61.94,33.18,37.70,44.96,2.67M,1.8M,196.47M,189.11M,11.61%,93.04%,11.12M,3.46,7.62%,5.14%,9.73M,N/A,N/A,2.12,6.38%,2.50,N/A,"Mar 19, 2020","Mar 05, 2020",2:1,"Oct 03, 2007","Dec 30, 2019","Mar 30, 2020",-0.26%,12.13%,2.70%,-0.14%,10.38B,47.91,-8.70%,4.2B,2.13B,-26.7M,-0.13,N/A,666.1M,3.08,9.93B,76.71,0.59,58.60,1.98B,1.27B
biib,0.51,19.37%,5.66%,374.99,215.78,281.66,300.39,1.79M,1.53M,166.09M,162.17M,0.66%,93.15%,4.65M,3.52,2.87%,2.85%,4.48M,N/A,N/A,N/A,N/A,N/A,0.00%,N/A,N/A,3:1,"Jan 17, 2001","Dec 30, 2019","Mar 30, 2020",40.76%,52.25%,17.92%,44.56%,14.42B,79.62,1.30%,12.42B,8B,5.88B,32.40,-0.70%,3.86B,23.66,6.37B,50.77,1.73,75.00,7.09B,5.45B
txn,1.12,8.92%,5.66%,135.70,93.09,125.55,119.11,5.21M,4.13M,917.77M,916.08M,0.24%,88.83%,19.5M,3.68,2.13%,2.12%,20.24M,3.6,2.76%,3.34,2.56%,2.46,63.98%,"May 17, 2020","Apr 30, 2020",2:1,"May 22, 2000","Dec 30, 2019","Mar 30, 2020",35.23%,39.31%,19.98%,61.21%,14.12B,15.12,-7.40%,9.16B,6.54B,4.94B,5.22,-3.50%,4.74B,5.17,6.55B,84.69,3.49,8.39,6.39B,4.15B
wat,0.94,-12.87%,5.66%,245.68,154.39,190.06,200.08,613.5k,518.17k,61.91M,61.57M,0.56%,102.99%,4.31M,7.86,7.95%,6.96%,4.54M,N/A,N/A,N/A,N/A,N/A,0.00%,N/A,"Nov 25, 1996",2:1,"Aug 27, 2000","Dec 30, 2019","Mar 27, 2020",22.77%,28.94%,14.42%,170.47%,2.36B,36.13,-9.50%,1.4B,792.11M,536.77M,8.17,-50.90%,393.87M,6.36,1.99B,N/A,2.41,-5.46,618.94M,326.34M
bby,1.48,12.45%,5.66%,91.99,48.11,82.75,78.29,2.77M,2.1M,258.31M,230.19M,14.84%,81.63%,7.17M,2.18,3.54%,2.78%,6.45M,2.2,2.59%,2.10,2.47%,2.54,38.10%,"Jul 01, 2020","Jun 09, 2020",3:2,"Aug 03, 2005","Jan 31, 2020","May 01, 2020",3.33%,4.53%,8.08%,42.43%,43.06B,163.98,-6.30%,10.05B,2.77B,1.44B,5.41,-40.00%,4.04B,15.63,5.3B,155.51,1.02,13.27,3.39B,2.37B
hsic,0.94,-19.89%,5.66%,73.99,41.85,59.65,59.75,1.6M,1.16M,142.76M,141.16M,1.10%,111.14%,14.86M,8.28,13.55%,10.41%,13.68M,N/A,N/A,N/A,N/A,N/A,0.00%,N/A,N/A,1275:1000,"Feb 07, 2019","Dec 27, 2019","Mar 27, 2020",7.11%,7.31%,6.26%,19.41%,10.05B,68.87,2.90%,3.09B,928.16M,712.82M,4.85,18.70%,617.37M,4.32,1.58B,40.83,1.64,20.88,778.3M,732.51M
clx,0.25,44.93%,5.66%,230.53,144.12,211.74,183.93,1.8M,1.21M,125.93M,125.57M,0.13%,81.76%,11M,6.04,9.97%,8.74%,11.99M,4.44,1.93%,4.24,1.85%,2.47,60.79%,"Aug 13, 2020","Jul 27, 2020",2:1,"Aug 23, 1999","Jun 29, 2019","Mar 30, 2020",13.67%,18.38%,13.28%,117.89%,6.37B,50.56,15.00%,2.73B,1.34B,870M,6.82,28.90%,496M,3.94,3.28B,472.23,0.98,5.52,1.2B,776.37M
grmn,1.00,21.62%,5.66%,105.58,61.04,95.15,88.78,1.08M,677.27k,191.02M,139.85M,26.76%,49.44%,5.28M,4.52,3.54%,2.76%,4.31M,2.44,2.52%,2.44,2.52%,3.64,44.79%,"Mar 30, 2021","Sep 13, 2020",2:1,"Aug 15, 2006","Dec 27, 2019","Mar 27, 2020",25.30%,25.26%,10.72%,21.05%,3.85B,20.23,11.80%,2.23B,1.08B,973.49M,5.09,15.00%,1.44B,7.54,52.83M,1.07,3.75,25.83,759.84M,531.89M
vrsn,0.90,-5.00%,5.66%,221.78,148.77,209.68,202.34,650.6k,511.97k,115.54M,105.87M,1.32%,94.55%,1.64M,2.46,1.83%,1.42%,1.84M,N/A,N/A,N/A,N/A,N/A,0.00%,"May 17, 2011","May 04, 2011",2:1,"Dec 06, 1999","Dec 30, 2019","Mar 30, 2020",63.33%,65.61%,27.63%,N/A,1.24B,10.52,2.00%,1.05B,858.11M,783.89M,6.64,105.60%,1.14B,9.85,1.79B,N/A,1.24,-12.18,746.62M,537.38M
vlo,1.97,-36.37%,5.66%,101.99,31.00,62.87,66.33,4.9M,5.19M,407.7M,406.1M,0.35%,80.83%,8.84M,1.96,2.17%,2.17%,10.1M,3.92,7.81%,3.68,7.33%,3.70,383.33%,"Jun 02, 2020","May 12, 2020",1094:1000,"May 01, 2013","Dec 30, 2019","Mar 30, 2020",0.43%,1.28%,1.62%,4.16%,100.53B,244.60,-9.60%,6.53B,3.58B,423M,1.03,N/A,1.52B,3.72,12.73B,64.67,1.31,46.22,4.61B,2.61B
nov,1.81,-47.77%,5.66%,25.81,8.00,12.68,15.62,4.82M,5.59M,388.22M,386.34M,0.42%,98.47%,17.92M,4.16,4.63%,4.62%,23.98M,N/A,N/A,0.20,1.85%,1.90,N/A,"Mar 26, 2020","Mar 11, 2020",1109:1000,"Jun 01, 2014","Dec 30, 2019","Mar 30, 2020",-95.76%,-5.57%,-1.91%,-83.19%,8.42B,22.00,-2.90%,845M,-8M,-8.06B,-21.07,N/A,1.12B,2.87,2.76B,49.75,2.73,14.13,791M,914.25M
lmt,0.96,-5.02%,5.66%,442.53,266.11,377.89,384.01,1.52M,1.55M,280.44M,237.81M,0.07%,80.38%,2.21M,1.46,0.93%,0.79%,2.4M,9.6,2.82%,9.20,2.71%,2.56,41.74%,"Sep 24, 2020","Aug 30, 2020",2:1,"Jan 03, 1999","Dec 30, 2019","Mar 28, 2020",10.21%,12.82%,10.10%,207.79%,61.13B,216.99,9.20%,8.37B,8.94B,6.24B,22.04,0.80%,1.99B,7.09,12.69B,363.89,1.23,12.29,7.96B,4.77B
fbhs,1.67,15.03%,5.66%,73.28,33.90,62.49,58.61,1.3M,931.8k,137.95M,137.09M,0.60%,90.24%,2.23M,1.82,1.82%,1.61%,3.27M,0.96,1.50%,0.90,1.40%,1.31,27.86%,"Jun 16, 2020","May 27, 2020",N/A,N/A,"Dec 30, 2019","Mar 30, 2020",7.81%,13.23%,7.67%,19.79%,5.84B,41.84,5.60%,2.07B,925.2M,456.3M,3.23,28.80%,359.7M,2.61,2.57B,108.96,1.54,17.09,713.1M,487.02M
gl,1.10,-21.61%,5.66%,111.43,56.74,76.46,84.96,674.81k,609.53k,106.44M,97.53M,2.13%,78.74%,1.63M,2.25,1.76%,1.53%,2.38M,0.75,1.07%,0.69,0.98%,0.79,10.52%,"Jul 30, 2020","Jul 01, 2020",3:2,"Jul 01, 2014","Dec 30, 2019","Mar 30, 2020",16.32%,22.05%,2.53%,11.80%,4.54B,41.87,1.20%,1.32B,1.02B,741.03M,6.83,-10.70%,362.97M,3.41,1.8B,27.68,0.49,67.43,1.28B,1.06B
lyb,1.58,-24.27%,5.66%,98.91,33.71,67.37,67.27,2.63M,1.92M,333.62M,255.45M,23.42%,69.60%,5.87M,2.19,2.30%,1.76%,7.45M,4.2,6.66%,4.20,6.66%,4.21,53.64%,"Jun 14, 2020","Jun 04, 2020",N/A,N/A,"Dec 30, 2019","Mar 30, 2020",8.12%,10.52%,7.21%,30.71%,33.44B,97.36,-14.60%,5.45B,4.79B,2.72B,7.89,-82.60%,1.82B,5.46,15.61B,209.30,1.75,21.95,4.85B,1.92B
rtx,0.85,-28.87%,5.66%,2398.85,43.44,64.66,105.67,12.1M,8.95M,1.52B,805.83M,0.11%,46.73%,16.25M,1.24,1.14%,1.07%,15.8M,1.9,3.27%,N/A,N/A,2.44,61.89%,"Sep 09, 2020","Aug 12, 2020",15890:10000,"Apr 02, 2020","Dec 30, 2019","Mar 30, 2020",5.34%,13.17%,4.57%,10.79%,76.89B,89.82,-0.80%,20.21B,13.95B,4.11B,N/A,N/A,8B,9.32,48.45B,115.26,1.23,N/A,8.04B,6.87B
amt,0.45,25.46%,5.66%,269.73,174.32,260.81,241.08,2.01M,1.24M,443.31M,441.6M,0.34%,94.05%,3.69M,1.83,0.97%,0.83%,3.74M,4.14,1.56%,3.96,1.49%,1.79,88.32%,"Jul 09, 2020","Jun 17, 2020",N/A,N/A,"Dec 30, 2019","Mar 30, 2020",24.55%,38.51%,4.69%,34.75%,7.76B,17.53,9.90%,5.36B,4.8B,1.91B,4.28,4.40%,1.33B,2.99,31.19B,677.20,0.49,8.20,3.77B,3.4B
googl,1.06,33.77%,5.66%,1541.34,1008.87,1443.98,1359.12,2.05M,2.12M,300.05M,613.28M,0.14%,82.29%,3.11M,1.8,1.04%,0.46%,3.97M,N/A,N/A,N/A,N/A,N/A,0.00%,N/A,N/A,1998:1000,"Apr 02, 2014","Dec 30, 2019","Mar 30, 2020",20.71%,21.69%,8.71%,17.83%,166.68B,241.39,13.30%,89.96B,48.3B,34.52B,49.57,2.70%,117.23B,171.73,16.8B,8.25,3.66,297.76,53.97B,21.93B
emr,1.51,-9.01%,5.66%,78.38,37.75,62.04,61.71,3.65M,2.47M,597.48M,593.24M,0.64%,76.82%,10.22M,2.81,1.72%,1.71%,10.78M,2,3.36%,1.98,3.33%,3.21,56.57%,"Jun 09, 2020","May 13, 2020",2:1,"Dec 11, 2006","Sep 29, 2019","Mar 30, 2020",12.04%,16.82%,8.83%,27.13%,17.97B,29.41,-8.90%,7.82B,3.74B,2.16B,3.51,-0.60%,2.58B,4.32,8.2B,108.45,1.01,12.58,3.16B,2.36B
algn,2.00,-3.87%,5.66%,301.65,127.88,265.06,235.89,1.07M,640.27k,78.76M,71.3M,8.32%,87.22%,3.81M,3.2,5.46%,4.84%,5.21M,N/A,N/A,N/A,N/A,N/A,0.00%,N/A,N/A,N/A,N/A,"Dec 30, 2019","Mar 30, 2020",78.42%,19.38%,9.41%,91.95%,2.41B,30.45,0.40%,1.74B,554.23M,1.89B,23.71,"2,013.00%",790.7M,10.04,73.97M,2.59,1.73,36.22,639.85M,344.71M
lyv,1.10,-34.43%,5.66%,76.60,21.70,48.43,52.92,4.5M,2.79M,215.26M,140.88M,26.97%,77.46%,14.48M,3.55,10.24%,6.73%,16.34M,N/A,N/A,N/A,N/A,N/A,0.00%,N/A,N/A,N/A,N/A,"Dec 30, 2019","Mar 30, 2020",-0.56%,1.94%,1.22%,-2.30%,11.19B,53.11,-21.00%,3.08B,657.28M,-139.45M,-0.66,N/A,3.27B,15.46,5.22B,311.75,1.03,4.06,632.41M,482.92M
nws,1.48,-12.87%,5.66%,15.36,7.88,12.15,11.93,549.44k,289.53k,199.63M,507.1M,39.47%,32.58%,1.67M,3.02,1.38%,0.28%,1.93M,0.2,1.68%,0.20,1.71%,N/A,N/A,"Apr 14, 2020","Mar 09, 2020",2:3,"Nov 15, 2010","Jun 29, 2019","Mar 30, 2020",-9.66%,4.70%,1.84%,-12.47%,9.55B,16.27,-7.80%,4.45B,880M,-923M,-1.57,N/A,1.39B,2.36,2.55B,29.78,1.39,13.31,729M,221.75M
kmb,0.50,2.87%,5.66%,149.23,110.66,140.36,138.40,1.72M,1.16M,340.55M,339.3M,0.34%,76.42%,6.08M,3.62,1.80%,1.79%,5.76M,4.28,3.01%,4.16,2.93%,3.12,60.73%,"Jul 01, 2020","Jun 03, 2020",1043:1000,"Nov 02, 2014","Dec 30, 2019","Mar 30, 2020",12.55%,18.27%,13.92%,N/A,18.83B,54.91,8.10%,6.45B,4.1B,2.36B,6.85,45.40%,979M,2.88,8.48B,18428.26,0.87,-0.49,3.12B,1.68B
lkq,1.67,-4.61%,5.66%,36.63,13.31,26.91,27.29,2.63M,1.73M,303.97M,279.84M,0.72%,98.39%,4.67M,1.77,1.73%,1.54%,5.09M,N/A,N/A,N/A,N/A,N/A,0.00%,N/A,N/A,2:1,"Sep 18, 2012","Dec 30, 2019","Mar 30, 2020",4.74%,7.99%,4.96%,11.98%,12.41B,40.29,-3.20%,4.86B,1.3B,588.72M,1.91,48.00%,332.78M,1.1,5.11B,101.94,2.29,16.31,1.08B,828.32M
